date,region,market_id,campaign_id,campaign_name,channel,device,audience_segment,incentive_spend,marketing_spend,total_spend,orders_placed,orders_fulfilled,orders_unfulfilled,shoppers_active,shoppers_needed,supply_gap,gross_revenue,net_revenue,avg_order_value,new_customers,customer_ltv,customer_retention_rate,impressions,clicks,click_through_rate,conversion_rate,avg_delivery_time_min,order_cancellations,satisfaction_score
1/1/2025,Midwest,MI01,LOYALTY_Q1,Loyalty Rewards,Social,Desktop,Lapsed,9061,1636.25,10697.25,1135,1127,8,321,470,149,67002.61,56305.36,59.45,417,85498.82,0.37,47427,4769,0.1006,0.2363,64.94,49,6.8
1/1/2025,West,WE02,LOYALTY_Q1,Loyalty Rewards,Referral,Desktop,New,7460.03,12485.29,19945.32,712,652,60,415,383,-32,70573.55,50628.23,108.24,21,4933.58,0.39,55400,3794,0.0685,0.1719,118.57,20,8.2
1/1/2025,Midwest,MI05,INC_Q1_BONUS,Winter Shopper Incentive,Email,Desktop,Returning,4444.79,13438.5,17883.29,1714,1600,114,169,164,-5,138695.58,120812.29,86.68,399,62741.25,0.32,45535,2529,0.0555,0.6327,111.09,76,8.5
1/1/2025,Southeast,SO03,LOYALTY_Q1,Loyalty Rewards,Social,Desktop,New,9387.1,3600.26,12987.36,1843,1691,152,471,575,104,49438.17,36450.81,29.24,409,93061.06,0.36,77524,5623,0.0725,0.3007,75.14,23,7.4
1/1/2025,West,WE01,LOYALTY_Q1,Loyalty Rewards,Social,Desktop,Lapsed,3594.01,6517.9,10111.91,1167,999,168,135,103,-32,71556.7,61444.79,71.63,104,31086.58,0.21,66449,5141,0.0774,0.1943,102.87,53,7.9
1/1/2025,Northeast,NO02,INC_Q1_BONUS,Winter Shopper Incentive,Social,Desktop,New,3219.66,4464.48,7684.14,944,897,47,407,443,36,55408.46,47724.32,61.77,89,23767.52,0.45,82335,7696,0.0935,0.1166,93.88,38,7.6
1/1/2025,Northeast,NO05,INC_Q1_BONUS,Winter Shopper Incentive,Email,Mobile,Lapsed,2542.55,11018.9,13561.45,1518,1497,21,191,226,35,174526.06,160964.61,116.58,341,55489.54,0.41,38436,1142,0.0297,1.3109,49.61,16,6.8
1/1/2025,Southeast,SO03,LOYALTY_Q1,Loyalty Rewards,Email,Desktop,Lapsed,2483.95,5294.82,7778.77,568,559,9,324,277,-47,26521.87,18743.1,47.45,125,26387.38,0.63,44773,3322,0.0742,0.1683,99.17,16,6.9
1/1/2025,West,WE04,CUST_RET_Q1,Customer Retargeting,Email,Mobile,Lapsed,8379.43,12227.25,20606.68,424,402,22,194,324,130,23047.28,2440.6,57.33,131,28406.1,0.51,22248,691,0.0311,0.5818,85.85,4,7.8
1/1/2025,West,WE02,INC_Q1_BONUS,Winter Shopper Incentive,Social,Mobile,Lapsed,9710.56,3430.95,13141.51,932,798,134,180,153,-27,54206.23,41064.72,67.93,147,26536.2,0.4,41854,1625,0.0388,0.4911,88.93,41,8.1
1/1/2025,Midwest,MI03,LOYALTY_Q1,Loyalty Rewards,Social,Desktop,Lapsed,7314.26,2838.02,10152.28,996,974,22,435,440,5,30343.35,20191.07,31.15,101,25535.04,0.33,54096,939,0.0174,1.0373,42.75,44,7.9
1/1/2025,West,WE04,LOYALTY_Q1,Loyalty Rewards,Referral,Desktop,Lapsed,8283.07,11843.06,20126.13,1944,1668,276,194,232,38,165230.77,145104.64,99.06,15,3978.26,0.49,99717,11589,0.1162,0.1439,47.16,12,7.6
1/1/2025,Midwest,MI02,NEW_USER_Q1,New User Acquisition,Social,Desktop,New,7068.17,5561.7,12629.87,855,815,40,229,352,123,94799.61,82169.74,116.32,120,17764.04,0.79,52599,5185,0.0986,0.1572,118.52,4,8
1/2/2025,Northeast,NO04,INC_Q1_BONUS,Winter Shopper Incentive,Email,Mobile,New,6920.49,7198.04,14118.53,736,704,32,290,263,-27,23118.96,9000.43,32.84,28,5622.54,0.4,32007,1548,0.0484,0.4548,37.15,36,8.7
1/2/2025,Southeast,SO01,CUST_RET_Q1,Customer Retargeting,Paid Search,Desktop,Returning,4429.61,7900.1,12329.71,210,188,22,317,448,131,8773.49,-3556.22,46.67,38,6308.9,0.78,86179,5659,0.0657,0.0332,98.61,6,8.3
1/2/2025,Southeast,SO04,LOYALTY_Q1,Loyalty Rewards,Social,Desktop,Returning,5317.07,3630.89,8947.96,692,648,44,227,316,89,41722.08,32774.12,64.39,288,61884.78,0.68,17767,1544,0.0869,0.4197,77.99,2,8.8
1/2/2025,Northeast,NO04,CUST_RET_Q1,Customer Retargeting,Email,Mobile,Returning,7214.96,14541.69,21756.65,126,125,1,348,486,138,11852.3,-9904.35,94.82,489,106878.14,0.2,24386,1068,0.0438,0.117,33.63,4,7
1/2/2025,Southeast,SO05,CUST_RET_Q1,Customer Retargeting,Email,Mobile,Lapsed,5877.68,11520.34,17398.02,802,726,76,479,491,12,18191.61,793.59,25.06,21,3205.1,0.3,47142,1951,0.0414,0.3721,50.35,20,6.3
1/2/2025,Midwest,MI03,CUST_RET_Q1,Customer Retargeting,Paid Search,Desktop,Returning,7491.22,3917.59,11408.81,716,703,13,240,299,59,18075.34,6666.53,25.71,487,55541.32,0.33,12772,171,0.0134,4.1111,48.85,12,8
1/2/2025,Midwest,MI03,CUST_RET_Q1,Customer Retargeting,Paid Search,Desktop,Lapsed,6504.18,11165.56,17669.74,1830,1641,189,131,155,24,138700.37,121030.63,84.52,201,42012.44,0.44,40867,1948,0.0477,0.8424,47.88,15,8.4
1/2/2025,Midwest,MI04,CUST_RET_Q1,Customer Retargeting,Email,Mobile,Lapsed,5884.66,5961.94,11846.6,837,763,74,411,414,3,49720.06,37873.46,65.16,359,101380.08,0.31,4883,432,0.0885,1.7662,38.56,31,6.4
1/2/2025,Southeast,SO01,CUST_RET_Q1,Customer Retargeting,Social,Mobile,New,8899.97,7609.63,16509.6,230,197,33,220,269,49,21273.09,4763.49,107.99,66,14044.76,0.71,75095,6646,0.0885,0.0296,50.56,6,6.6
1/2/2025,Southeast,SO01,CUST_RET_Q1,Customer Retargeting,Referral,Desktop,New,2501,14283.84,16784.84,804,793,11,81,128,47,48955.69,32170.85,61.73,360,96406.83,0.65,58263,6016,0.1033,0.1318,110.18,18,6.4
1/2/2025,Southeast,SO02,CUST_RET_Q1,Customer Retargeting,Social,Desktop,Lapsed,5980.76,12968.84,18949.6,1472,1316,156,183,135,-48,114185.89,95236.29,86.77,75,14347,0.47,17066,774,0.0454,1.7003,116.19,0,8.9
1/2/2025,West,WE03,INC_Q1_BONUS,Winter Shopper Incentive,Email,Desktop,Returning,9864.57,3994.54,13859.11,1315,1268,47,234,341,107,35680.29,21821.18,28.14,108,29373.35,0.44,33252,4933,0.1484,0.257,72.28,14,7.5
1/2/2025,West,WE03,LOYALTY_Q1,Loyalty Rewards,Email,Desktop,Lapsed,7440.38,9740.7,17181.08,1746,1731,15,410,381,-29,184896.49,167715.41,106.81,229,47685.37,0.63,45608,4495,0.0986,0.3851,34.72,29,8.8
1/2/2025,West,WE02,NEW_USER_Q1,New User Acquisition,Paid Search,Desktop,Returning,8514.85,8171.99,16686.84,744,664,80,427,496,69,13322.46,-3364.38,20.06,121,14851.49,0.68,38632,601,0.0156,1.1048,98.67,13,7.9
1/3/2025,Midwest,MI01,LOYALTY_Q1,Loyalty Rewards,Referral,Mobile,Lapsed,3763.82,9640.18,13404,1904,1766,138,179,316,137,176662.96,163258.96,100.04,36,7561.51,0.36,35503,3590,0.1011,0.4919,77.97,57,7
1/3/2025,Northeast,NO04,NEW_USER_Q1,New User Acquisition,Social,Desktop,New,6980.84,7554.16,14535,1188,1168,20,301,263,-38,30145.14,15610.14,25.81,127,31178.99,0.53,58134,7381,0.127,0.1582,31.32,36,8.7
1/3/2025,Southeast,SO03,CUST_RET_Q1,Customer Retargeting,Paid Search,Desktop,Lapsed,7315.92,7656.66,14972.58,1353,1167,186,136,126,-10,119098.43,104125.85,102.06,307,57478.81,0.31,72139,6557,0.0909,0.178,57.71,47,8.5
1/3/2025,Northeast,NO02,LOYALTY_Q1,Loyalty Rewards,Email,Desktop,Lapsed,8469.11,10394.18,18863.29,1376,1359,17,144,110,-34,68526.47,49663.18,50.42,125,9768.45,0.44,71990,1434,0.0199,0.9477,61.48,49,7.9
1/3/2025,West,WE04,LOYALTY_Q1,Loyalty Rewards,Paid Search,Mobile,Returning,3950.93,12115.09,16066.02,1753,1653,100,351,400,49,166142.59,150076.57,100.51,198,46768.84,0.47,16896,1119,0.0662,1.4772,90.64,57,7.8
1/3/2025,West,WE01,CUST_RET_Q1,Customer Retargeting,Referral,Desktop,Returning,8627.74,6856.08,15483.82,1462,1317,145,287,370,83,91828.34,76344.52,69.73,365,29143.52,0.4,46178,4432,0.096,0.2972,59.32,70,7.7
1/3/2025,Northeast,NO01,CUST_RET_Q1,Customer Retargeting,Email,Mobile,New,4765.86,7430.25,12196.11,248,243,5,204,319,115,17035.28,4839.17,70.1,327,50791.35,0.7,64370,3815,0.0593,0.0637,70.15,6,6.6
1/3/2025,West,WE01,CUST_RET_Q1,Customer Retargeting,Referral,Mobile,New,7778.49,14054.22,21832.71,1237,1187,50,480,532,52,85274.04,63441.33,71.84,343,95618.4,0.38,10476,475,0.0453,2.4989,66.6,30,7.3
1/3/2025,Northeast,NO03,LOYALTY_Q1,Loyalty Rewards,Referral,Mobile,Lapsed,6857.94,2005.4,8863.34,1918,1689,229,154,195,41,104079.06,95215.72,61.62,198,38990.66,0.36,14453,1881,0.1301,0.8979,40.57,79,6.8
1/3/2025,Southeast,SO01,LOYALTY_Q1,Loyalty Rewards,Email,Desktop,New,925.14,5150.17,6075.31,1768,1756,12,63,62,-1,89514.79,83439.48,50.98,78,18688.97,0.33,50997,5646,0.1107,0.311,60.25,47,7.6
1/3/2025,West,WE01,NEW_USER_Q1,New User Acquisition,Email,Desktop,Lapsed,3358.73,3339.88,6698.61,569,491,78,418,516,98,12484.72,5786.11,25.43,352,62339.73,0.29,66464,1154,0.0174,0.4255,35.34,6,7.4
1/3/2025,Midwest,MI04,CUST_RET_Q1,Customer Retargeting,Email,Mobile,New,6858.65,9856.31,16714.96,1196,1018,178,70,169,99,72184.68,55469.72,70.91,338,45540.11,0.69,95410,9925,0.104,0.1026,47.66,57,7.2
1/3/2025,West,WE03,INC_Q1_BONUS,Winter Shopper Incentive,Paid Search,Desktop,Lapsed,1452.2,14050.26,15502.46,598,547,51,485,472,-13,43771.08,28268.62,80.02,481,95356.87,0.65,10335,515,0.0498,1.0621,103.73,29,6.8
1/3/2025,West,WE05,INC_Q1_BONUS,Winter Shopper Incentive,Email,Desktop,Returning,9649.59,2720.26,12369.85,527,455,72,99,245,146,41877.35,29507.5,92.04,230,41154.83,0.43,5353,440,0.0822,1.0341,92.24,1,6.7
1/3/2025,West,WE02,LOYALTY_Q1,Loyalty Rewards,Referral,Mobile,Lapsed,5140.92,10820.97,15961.89,1631,1591,40,104,216,112,134455.92,118494.03,84.51,48,8873.21,0.51,70625,7510,0.1063,0.2119,93.43,26,7.7
1/3/2025,Southeast,SO03,INC_Q1_BONUS,Winter Shopper Incentive,Referral,Mobile,Lapsed,599.83,11663.47,12263.3,208,193,15,457,446,-11,4470.17,-7793.13,23.16,121,13386.82,0.59,17080,1198,0.0701,0.1611,35.68,5,6.6
1/3/2025,Northeast,NO04,INC_Q1_BONUS,Winter Shopper Incentive,Email,Mobile,Returning,6709.55,12735.56,19445.11,435,411,24,93,195,102,15724.74,-3720.37,38.26,351,82340.62,0.68,45389,457,0.0101,0.8993,84.75,14,8.8
1/3/2025,Midwest,MI02,CUST_RET_Q1,Customer Retargeting,Paid Search,Mobile,Lapsed,5750.74,6704.1,12454.84,1242,1141,101,288,332,44,57454.02,44999.18,50.35,182,11741.88,0.71,33238,3535,0.1064,0.3228,62.79,45,8.7
1/4/2025,Northeast,NO03,INC_Q1_BONUS,Winter Shopper Incentive,Email,Desktop,New,7545.22,4911.82,12457.04,1314,1229,85,269,271,2,58825.23,46368.19,47.86,421,72703.02,0.44,9597,907,0.0945,1.355,81.9,61,6.4
1/4/2025,Midwest,MI04,CUST_RET_Q1,Customer Retargeting,Referral,Mobile,Returning,1056.37,8733.13,9789.5,577,521,56,238,222,-16,16488.5,6699,31.65,417,104563.99,0.52,72466,6465,0.0892,0.0806,111.72,17,6.5
1/4/2025,Southeast,SO03,CUST_RET_Q1,Customer Retargeting,Paid Search,Desktop,Returning,7261.89,13576.97,20838.86,949,910,39,179,140,-39,87561.3,66722.44,96.22,363,34828.46,0.4,65952,6222,0.0943,0.1463,74.08,7,6.8
1/4/2025,West,WE03,NEW_USER_Q1,New User Acquisition,Referral,Desktop,New,883.17,5566.38,6449.55,595,528,67,268,385,117,21437.1,14987.55,40.6,132,13316.65,0.66,71247,6352,0.0892,0.0831,31.89,24,6
1/4/2025,Southeast,SO03,NEW_USER_Q1,New User Acquisition,Paid Search,Mobile,Returning,5234.16,9445.44,14679.6,295,274,21,63,81,18,19595.58,4915.98,71.52,66,14322.05,0.28,38661,4565,0.1181,0.06,45.34,0,8.7
1/4/2025,Southeast,SO04,LOYALTY_Q1,Loyalty Rewards,Social,Desktop,Lapsed,8569.91,8459.86,17029.77,1023,925,98,172,257,85,99523.8,82494.03,107.59,238,56914.08,0.26,21365,1671,0.0782,0.5536,86.26,34,6.5
1/4/2025,Southeast,SO02,INC_Q1_BONUS,Winter Shopper Incentive,Social,Desktop,New,5996.36,13758.79,19755.15,934,864,70,416,513,97,31031.34,11276.19,35.92,389,82732.95,0.72,93934,9695,0.1032,0.0891,49.4,33,7.6
1/4/2025,Southeast,SO02,LOYALTY_Q1,Loyalty Rewards,Social,Mobile,Lapsed,6787.84,3904.57,10692.41,1209,1153,56,450,525,75,123267.12,112574.71,106.91,327,35689.43,0.64,5023,627,0.1248,1.8389,85.31,50,8.6
1/4/2025,Northeast,NO04,CUST_RET_Q1,Customer Retargeting,Referral,Mobile,Returning,1979.64,13325.91,15305.55,1158,1153,5,324,460,136,126693.41,111387.86,109.88,252,47512.69,0.54,39428,1373,0.0348,0.8398,52.7,45,6.2
1/4/2025,Northeast,NO02,NEW_USER_Q1,New User Acquisition,Referral,Desktop,Returning,8401.96,14726.59,23128.55,643,575,68,421,379,-42,40413.48,17284.93,70.28,209,40681.08,0.25,65075,3976,0.0611,0.1446,112.13,3,8.3
1/4/2025,Northeast,NO01,INC_Q1_BONUS,Winter Shopper Incentive,Social,Desktop,New,9569.06,13961.04,23530.1,103,91,12,286,258,-28,4703.29,-18826.81,51.68,494,109902.16,0.73,70110,3800,0.0542,0.0239,83.45,4,8.9
1/4/2025,Northeast,NO01,LOYALTY_Q1,Loyalty Rewards,Paid Search,Desktop,New,9756.02,1240.42,10996.44,1239,1204,35,425,564,139,107054.53,96058.09,88.92,121,30840.41,0.57,40599,1436,0.0354,0.8384,80.9,52,8.5
1/5/2025,West,WE03,INC_Q1_BONUS,Winter Shopper Incentive,Referral,Mobile,Returning,8200.26,14821.87,23022.13,276,250,26,331,343,12,14824.74,-8197.39,59.3,324,84411.63,0.7,19017,288,0.0151,0.8681,42.05,4,6.2
1/5/2025,West,WE04,INC_Q1_BONUS,Winter Shopper Incentive,Email,Desktop,Returning,9124.73,5426.75,14551.48,1165,1058,107,345,366,21,67620.47,53068.99,63.91,23,6323.09,0.57,72520,8315,0.1147,0.1272,75.24,24,7.1
1/5/2025,West,WE04,NEW_USER_Q1,New User Acquisition,Paid Search,Desktop,New,2751.76,4285.44,7037.2,1133,975,158,319,348,29,70177.96,63140.76,71.98,275,59770.59,0.29,7276,326,0.0448,2.9908,85.54,0,6.8
1/5/2025,West,WE02,NEW_USER_Q1,New User Acquisition,Paid Search,Desktop,Returning,6670.33,12261.8,18932.13,1591,1576,15,63,44,-19,103190.86,84258.73,65.48,411,57789.82,0.72,73567,10434,0.1418,0.151,45.06,4,6.2
1/5/2025,West,WE04,CUST_RET_Q1,Customer Retargeting,Paid Search,Desktop,Lapsed,8804.6,10911.17,19715.77,1913,1632,281,428,397,-31,37941.81,18226.04,23.25,48,4128.04,0.8,2909,226,0.0777,7.2212,35.72,53,7.8
1/5/2025,Midwest,MI04,NEW_USER_Q1,New User Acquisition,Social,Desktop,Lapsed,6501.86,4599.66,11101.52,1761,1601,160,70,203,133,34398.47,23296.95,21.49,452,49503.63,0.69,8507,764,0.0898,2.0955,69.2,33,8.1
1/5/2025,Northeast,NO05,NEW_USER_Q1,New User Acquisition,Referral,Desktop,Lapsed,6407.33,9419.03,15826.36,1544,1366,178,356,481,125,104243.09,88416.73,76.31,441,27319.92,0.31,18256,473,0.0259,2.8879,90.85,33,7.4
1/5/2025,Southeast,SO01,LOYALTY_Q1,Loyalty Rewards,Paid Search,Desktop,Lapsed,8467.62,9150.53,17618.15,1391,1293,98,495,535,40,69857.56,52239.41,54.03,298,47621.18,0.71,70306,3767,0.0536,0.3432,108.46,54,6.2
1/5/2025,Northeast,NO03,NEW_USER_Q1,New User Acquisition,Paid Search,Desktop,New,619.63,13575.13,14194.76,1509,1484,25,356,421,65,136271.69,122076.93,91.83,16,2836.01,0.79,3802,496,0.1305,2.9919,74.25,49,6
1/5/2025,Midwest,MI03,LOYALTY_Q1,Loyalty Rewards,Referral,Mobile,Lapsed,5920.32,7192.54,13112.86,1119,1050,69,175,135,-40,89439.01,76326.15,85.18,464,28890.21,0.73,70336,3185,0.0453,0.3297,115.94,14,7.1
1/5/2025,Midwest,MI01,LOYALTY_Q1,Loyalty Rewards,Social,Desktop,New,9384.04,14368.71,23752.75,1554,1421,133,252,274,22,80340.12,56587.37,56.54,181,46224.7,0.25,40695,6081,0.1494,0.2337,75.73,2,8.2
1/5/2025,West,WE01,CUST_RET_Q1,Customer Retargeting,Paid Search,Mobile,New,6058.45,4008.2,10066.65,694,693,1,283,292,9,73614.04,63547.39,106.23,67,14933.2,0.25,50153,7336,0.1463,0.0945,53.59,31,8.6
1/5/2025,Midwest,MI02,INC_Q1_BONUS,Winter Shopper Incentive,Social,Mobile,Returning,6565.54,11523.19,18088.73,867,834,33,233,331,98,20830.58,2741.85,24.98,140,16872.11,0.61,26280,3519,0.1339,0.237,62.54,18,9
1/6/2025,Southeast,SO04,NEW_USER_Q1,New User Acquisition,Social,Desktop,Returning,797.48,12791.99,13589.47,1679,1663,16,495,458,-37,154205.33,140615.86,92.73,280,20194.48,0.32,2016,291,0.1443,5.7148,106.01,81,7.6
1/6/2025,Northeast,NO03,CUST_RET_Q1,Customer Retargeting,Paid Search,Mobile,Lapsed,7624.15,13784.32,21408.47,1146,1106,40,214,246,32,49476.7,28068.23,44.73,87,8809.74,0.35,54932,5211,0.0949,0.2122,50.58,48,8.3
1/6/2025,Midwest,MI04,INC_Q1_BONUS,Winter Shopper Incentive,Referral,Desktop,New,974.8,12811.1,13785.9,1875,1873,2,99,59,-40,110855.06,97069.16,59.19,79,6100.64,0.58,26851,4008,0.1493,0.4673,94.06,89,7.6
1/6/2025,Midwest,MI04,INC_Q1_BONUS,Winter Shopper Incentive,Social,Mobile,Lapsed,6251.41,7064.28,13315.69,957,941,16,294,305,11,33544.46,20228.77,35.65,179,27519.96,0.63,52727,2020,0.0383,0.4658,58.24,39,7.8
1/6/2025,West,WE01,NEW_USER_Q1,New User Acquisition,Social,Mobile,Returning,6166.44,12401.37,18567.81,225,199,26,146,169,23,23238.08,4670.27,116.77,179,34206.69,0.76,19984,1671,0.0836,0.1191,98.34,11,6.6
1/6/2025,Northeast,NO02,LOYALTY_Q1,Loyalty Rewards,Referral,Desktop,Lapsed,7619.01,8639.74,16258.75,189,177,12,210,185,-25,4015.56,-12243.19,22.69,221,22985.74,0.78,29412,1923,0.0654,0.092,85.18,0,8.7
1/6/2025,Southeast,SO01,NEW_USER_Q1,New User Acquisition,Social,Mobile,Returning,5721.41,13429.45,19150.86,642,593,49,468,561,93,34618.82,15467.96,58.38,155,20018.34,0.44,58199,7308,0.1256,0.0811,54.77,27,8.7
1/6/2025,Northeast,NO02,LOYALTY_Q1,Loyalty Rewards,Email,Desktop,New,6046.95,3936.86,9983.81,718,713,5,454,571,117,51098.16,41114.35,71.67,91,26174.66,0.79,69816,4392,0.0629,0.1623,71.73,6,6.1
1/6/2025,Southeast,SO01,LOYALTY_Q1,Loyalty Rewards,Referral,Desktop,Lapsed,3104.29,3837.2,6941.49,894,837,57,480,431,-49,65991.89,59050.4,78.84,418,57267.4,0.63,96326,1395,0.0145,0.6,85.11,13,7.9
1/6/2025,Northeast,NO02,CUST_RET_Q1,Customer Retargeting,Social,Desktop,Returning,2632.04,8143.18,10775.22,905,855,50,132,252,120,41805.89,31030.67,48.9,483,80351.76,0.76,52410,6928,0.1322,0.1234,66.85,8,8.3
1/6/2025,West,WE04,CUST_RET_Q1,Customer Retargeting,Email,Desktop,Returning,8818.79,3928.61,12747.4,1888,1829,59,419,541,122,70521.59,57774.19,38.56,203,49720.36,0.27,2238,186,0.0831,9.8333,32,0,6.9
1/7/2025,Southeast,SO03,NEW_USER_Q1,New User Acquisition,Email,Desktop,Lapsed,4796.07,4144.47,8940.54,975,962,13,231,332,101,74808.19,65867.65,77.76,189,29244.23,0.75,38148,3482,0.0913,0.2763,86.9,27,6.6
1/7/2025,Southeast,SO02,LOYALTY_Q1,Loyalty Rewards,Email,Desktop,Returning,9452.53,12034.81,21487.34,382,339,43,112,123,11,30269.61,8782.27,89.29,26,2685.42,0.72,9949,849,0.0853,0.3993,78,3,6.3
1/7/2025,Midwest,MI01,NEW_USER_Q1,New User Acquisition,Social,Desktop,Lapsed,7589.42,3458.4,11047.82,1235,1180,55,407,524,117,76689.71,65641.89,64.99,417,105001.75,0.42,64925,9116,0.1404,0.1294,82.5,25,7.1
1/7/2025,Northeast,NO04,INC_Q1_BONUS,Winter Shopper Incentive,Social,Desktop,Lapsed,4049.68,6433.7,10483.38,1551,1543,8,398,454,56,130878.68,120395.3,84.82,286,26244.48,0.8,70134,4202,0.0599,0.3672,55.94,52,7.3
1/7/2025,Southeast,SO05,CUST_RET_Q1,Customer Retargeting,Paid Search,Desktop,Returning,5569.1,2583.48,8152.58,1265,1081,184,273,249,-24,53336.12,45183.54,49.34,174,39010.6,0.56,17473,1066,0.061,1.0141,61.77,31,8.2
1/7/2025,Northeast,NO03,CUST_RET_Q1,Customer Retargeting,Social,Mobile,Lapsed,5017.5,5454.45,10471.95,1385,1283,102,314,428,114,38391.07,27919.12,29.92,306,16822.46,0.62,55240,7714,0.1396,0.1663,101.37,59,8
1/7/2025,Southeast,SO05,LOYALTY_Q1,Loyalty Rewards,Social,Desktop,Returning,2830.45,14521.08,17351.53,1417,1339,78,337,440,103,33932.1,16580.57,25.34,413,55993.23,0.46,97917,13380,0.1366,0.1001,72.76,42,8.6
1/7/2025,Northeast,NO02,NEW_USER_Q1,New User Acquisition,Paid Search,Mobile,Returning,9659.39,5543.73,15203.12,1955,1733,222,401,518,117,82362.19,67159.07,47.53,456,62403.3,0.76,14105,1731,0.1227,1.0012,59.72,8,6.4
1/7/2025,Northeast,NO01,INC_Q1_BONUS,Winter Shopper Incentive,Email,Desktop,Lapsed,9333.11,13143.92,22477.03,707,645,62,226,265,39,44461.84,21984.81,68.93,180,40877.59,0.25,82099,2586,0.0315,0.2494,98.8,23,7.4
1/7/2025,Midwest,MI01,NEW_USER_Q1,New User Acquisition,Paid Search,Desktop,Lapsed,6883.58,2392.46,9276.04,1336,1172,164,413,423,10,28144.34,18868.3,24.01,21,2018.28,0.5,67113,9101,0.1356,0.1288,31.9,29,6.1
1/7/2025,Midwest,MI03,CUST_RET_Q1,Customer Retargeting,Social,Mobile,Lapsed,3420.04,10687.9,14107.94,1462,1318,144,448,433,-15,79138.68,65030.74,60.04,51,7085.01,0.39,80570,7870,0.0977,0.1675,70.09,38,8.8
1/8/2025,Midwest,MI05,NEW_USER_Q1,New User Acquisition,Referral,Desktop,New,4844.02,12788.32,17632.34,1091,1014,77,96,144,48,84915.39,67283.05,83.74,317,26370.07,0.78,84613,1332,0.0157,0.7613,65.89,18,7.3
1/8/2025,Northeast,NO04,NEW_USER_Q1,New User Acquisition,Paid Search,Desktop,Lapsed,4098.34,5724.26,9822.6,791,748,43,275,411,136,41596.04,31773.44,55.61,374,49587.58,0.76,28285,1175,0.0415,0.6366,62.88,3,8.6
1/8/2025,Southeast,SO02,INC_Q1_BONUS,Winter Shopper Incentive,Email,Mobile,New,2276.92,5531.51,7808.43,1910,1680,230,69,131,62,122613.12,114804.69,72.98,10,2026.55,0.37,2828,228,0.0806,7.3684,113.88,76,7.6
1/8/2025,Northeast,NO05,NEW_USER_Q1,New User Acquisition,Referral,Mobile,New,4128.43,3879.62,8008.05,1684,1495,189,373,400,27,40253.52,32245.47,26.93,226,41262.07,0.23,58713,3235,0.0551,0.4621,41.27,1,7.8
1/8/2025,Southeast,SO04,CUST_RET_Q1,Customer Retargeting,Paid Search,Mobile,Returning,3733.86,14846.4,18580.26,1378,1187,191,111,173,62,57603.96,39023.7,48.53,277,54209.37,0.8,59929,5409,0.0903,0.2194,89.29,47,8.5
1/8/2025,Northeast,NO05,INC_Q1_BONUS,Winter Shopper Incentive,Paid Search,Mobile,New,5658.73,4188.5,9847.23,163,153,10,403,363,-40,8467.95,-1379.28,55.35,56,14979.57,0.28,56690,4926,0.0869,0.0311,35.2,7,6.8
1/8/2025,West,WE03,INC_Q1_BONUS,Winter Shopper Incentive,Email,Desktop,Lapsed,8703.1,2852.03,11555.13,1611,1464,147,465,530,65,108959.27,97404.14,74.43,10,640.41,0.35,27957,1626,0.0582,0.9004,76.85,70,8.6
1/8/2025,Southeast,SO02,INC_Q1_BONUS,Winter Shopper Incentive,Paid Search,Mobile,Returning,5496.49,12323.19,17819.68,372,365,7,415,416,1,33887.42,16067.74,92.84,230,27457.56,0.76,34172,1846,0.054,0.1977,37.59,5,7.9
1/8/2025,Midwest,MI04,LOYALTY_Q1,Loyalty Rewards,Paid Search,Desktop,New,9065.5,13966.7,23032.2,672,593,79,152,171,19,41491.22,18459.02,69.97,372,61374.6,0.56,18733,2298,0.1227,0.2581,117.06,27,7.6
1/8/2025,Southeast,SO04,NEW_USER_Q1,New User Acquisition,Social,Mobile,New,2894.05,5570.62,8464.67,1388,1306,82,64,110,46,72541.7,64077.03,55.54,328,85352.9,0.23,11108,1590,0.1431,0.8214,81.11,47,8.7
1/8/2025,Northeast,NO04,NEW_USER_Q1,New User Acquisition,Paid Search,Desktop,Lapsed,2160.97,12681.92,14842.89,1033,1030,3,223,353,130,116146.74,101303.85,112.76,497,148956.47,0.55,10241,634,0.0619,1.6246,93.45,38,6.7
1/8/2025,Southeast,SO02,INC_Q1_BONUS,Winter Shopper Incentive,Paid Search,Mobile,New,1236.13,9305.63,10541.76,498,450,48,432,576,144,28095.22,17553.46,62.43,398,74941.76,0.33,68847,7921,0.1151,0.0568,36.59,2,8
1/8/2025,West,WE05,CUST_RET_Q1,Customer Retargeting,Paid Search,Desktop,Lapsed,9544.73,12789.52,22334.25,843,747,96,207,212,5,54292.18,31957.93,72.68,437,54777.77,0.3,48743,4013,0.0823,0.1861,84.87,36,6.1
1/8/2025,Southeast,SO04,INC_Q1_BONUS,Winter Shopper Incentive,Referral,Mobile,Lapsed,8723.56,3111.61,11835.17,541,461,80,164,248,84,13464.91,1629.74,29.21,478,46964.95,0.68,6279,88,0.014,5.2386,85.6,16,7.1
1/8/2025,West,WE04,INC_Q1_BONUS,Winter Shopper Incentive,Social,Mobile,New,6791.02,6650.9,13441.92,174,154,20,307,445,138,18196.79,4754.87,118.16,410,115060.63,0.25,25967,3893,0.1499,0.0396,93.91,5,6.2
1/9/2025,West,WE02,INC_Q1_BONUS,Winter Shopper Incentive,Email,Desktop,Returning,4673.7,3824.07,8497.77,963,910,53,101,146,45,81491.96,72994.19,89.55,494,55487.59,0.45,34827,4945,0.142,0.184,83.9,21,8.6
1/9/2025,Southeast,SO02,INC_Q1_BONUS,Winter Shopper Incentive,Email,Desktop,Returning,1272.81,2187.73,3460.54,438,410,28,414,428,14,44294.76,40834.22,108.04,154,44169.07,0.79,92267,5446,0.059,0.0753,93.74,18,8.3
1/9/2025,Southeast,SO04,INC_Q1_BONUS,Winter Shopper Incentive,Paid Search,Mobile,Returning,2160.35,6050.82,8211.17,781,769,12,257,255,-2,33595.35,25384.18,43.69,302,37905.57,0.64,37451,2596,0.0693,0.2962,90.08,17,8.3
1/9/2025,Southeast,SO04,NEW_USER_Q1,New User Acquisition,Paid Search,Desktop,New,6241.41,11691.69,17933.1,579,564,15,300,288,-12,32362.78,14429.68,57.38,464,74452.71,0.3,47418,5401,0.1139,0.1044,51.97,2,6.2
1/9/2025,Northeast,NO04,CUST_RET_Q1,Customer Retargeting,Email,Mobile,Returning,9541.17,5476.09,15017.26,1719,1641,78,372,511,139,46482.58,31465.32,28.33,161,23012.01,0.21,60055,4322,0.072,0.3797,73.67,48,6.5
1/9/2025,Midwest,MI02,INC_Q1_BONUS,Winter Shopper Incentive,Paid Search,Desktop,Lapsed,2752.17,7261.82,10013.99,723,620,103,328,304,-24,55506.02,45492.03,89.53,459,71821.24,0.79,51481,3450,0.067,0.1797,45.97,31,8.2
1/9/2025,Northeast,NO05,LOYALTY_Q1,Loyalty Rewards,Email,Mobile,Lapsed,5981.69,4096.07,10077.76,154,148,6,176,297,121,3620.99,-6456.77,24.47,358,29566.48,0.68,89667,7075,0.0789,0.0209,109.26,5,8.2
1/9/2025,West,WE04,CUST_RET_Q1,Customer Retargeting,Email,Mobile,Returning,6107.84,9820.1,15927.94,1265,1162,103,147,232,85,49370.49,33442.55,42.49,321,88352.32,0.79,58389,7582,0.1299,0.1533,55.84,30,7.2
1/9/2025,West,WE04,NEW_USER_Q1,New User Acquisition,Social,Desktop,Returning,7944.42,10238.94,18183.36,1581,1441,140,461,522,61,82863.36,64680,57.5,253,43882.78,0.72,99510,5639,0.0567,0.2555,60.47,14,6.8
1/10/2025,Northeast,NO03,NEW_USER_Q1,New User Acquisition,Referral,Desktop,Lapsed,4772.53,11873.95,16646.48,1679,1466,213,277,410,133,36136.99,19490.51,24.65,347,95983.45,0.28,48299,2614,0.0541,0.5608,99.47,69,8.7
1/10/2025,West,WE02,CUST_RET_Q1,Customer Retargeting,Email,Mobile,New,2672.6,14388.48,17061.08,1401,1373,28,286,404,118,157958.04,140896.96,115.05,206,47336.73,0.54,50812,4183,0.0823,0.3282,98.29,18,6.4
1/10/2025,Southeast,SO03,LOYALTY_Q1,Loyalty Rewards,Referral,Desktop,Returning,9349.05,5735.23,15084.28,1107,1000,107,438,576,138,94954.56,79870.28,94.95,355,81234.86,0.36,16620,457,0.0275,2.1882,89,0,6
1/10/2025,West,WE01,CUST_RET_Q1,Customer Retargeting,Email,Desktop,Returning,1509.65,12787.77,14297.42,1798,1665,133,302,420,118,183276.57,168979.15,110.08,283,73219.13,0.65,17304,2344,0.1355,0.7103,102.6,41,8.4
1/10/2025,West,WE03,INC_Q1_BONUS,Winter Shopper Incentive,Social,Desktop,Lapsed,1605.83,3862.38,5468.21,1201,1024,177,354,337,-17,36860.2,31391.99,36,31,7611.2,0.69,20727,1975,0.0953,0.5185,63.1,49,6.7
1/10/2025,Northeast,NO03,NEW_USER_Q1,New User Acquisition,Referral,Desktop,Lapsed,3949.72,14322.45,18272.17,1318,1206,112,58,60,2,96074.95,77802.78,79.66,174,25785.1,0.2,31399,2090,0.0666,0.577,88.83,59,6.4
1/10/2025,Midwest,MI01,CUST_RET_Q1,Customer Retargeting,Referral,Desktop,New,5152.2,2562.92,7715.12,377,376,1,434,490,56,19698.84,11983.72,52.39,152,20554.82,0.53,90119,2279,0.0253,0.165,115.4,8,7.5
1/10/2025,West,WE01,CUST_RET_Q1,Customer Retargeting,Paid Search,Mobile,Lapsed,6264.9,13050.2,19315.1,1142,1090,52,421,554,133,63973.01,44657.91,58.69,252,16983.65,0.5,87450,12442,0.1423,0.0876,31.22,36,6.5
1/11/2025,West,WE03,NEW_USER_Q1,New User Acquisition,Referral,Mobile,New,6014.44,2948.75,8963.19,582,507,75,403,491,88,20650.57,11687.38,40.73,282,65887.74,0.38,75965,6815,0.0897,0.0744,85.86,4,8.2
1/11/2025,Midwest,MI03,CUST_RET_Q1,Customer Retargeting,Email,Desktop,Lapsed,9977.42,3675.85,13653.27,1393,1327,66,162,184,22,50583.02,36929.75,38.12,92,25003.74,0.45,36699,3174,0.0865,0.4181,67.55,27,6.4
1/11/2025,Northeast,NO05,NEW_USER_Q1,New User Acquisition,Email,Desktop,New,5283.7,1953.53,7237.23,1573,1531,42,183,302,119,150712.48,143475.25,98.44,194,10406.51,0.35,88902,7623,0.0857,0.2008,84.46,50,7.9
1/11/2025,Midwest,MI02,NEW_USER_Q1,New User Acquisition,Email,Mobile,New,4081.57,14509,18590.57,522,494,28,214,278,64,57322.12,38731.55,116.04,40,7026.3,0.35,37839,3381,0.0894,0.1461,113.9,6,7.8
1/11/2025,Northeast,NO04,INC_Q1_BONUS,Winter Shopper Incentive,Referral,Desktop,Returning,9033.18,5672.01,14705.19,1067,913,154,312,277,-35,96376.52,81671.33,105.56,290,24171.25,0.73,7967,116,0.0146,7.8707,39.41,0,6
1/11/2025,Midwest,MI04,LOYALTY_Q1,Loyalty Rewards,Paid Search,Desktop,New,7557.11,1320.63,8877.74,682,623,59,421,483,62,65459.1,56581.36,105.07,296,70550.72,0.78,96668,10645,0.1101,0.0585,36.73,18,7.2
1/11/2025,Southeast,SO05,INC_Q1_BONUS,Winter Shopper Incentive,Referral,Mobile,Lapsed,2489.57,14284.34,16773.91,830,750,80,194,303,109,17097.89,323.98,22.8,133,20693.2,0.3,10888,1163,0.1068,0.6449,75.56,40,6.7
1/11/2025,Midwest,MI01,INC_Q1_BONUS,Winter Shopper Incentive,Paid Search,Desktop,New,8157.5,3931.34,12088.84,130,114,16,315,290,-25,11797.47,-291.37,103.49,53,15090.2,0.8,77377,838,0.0108,0.136,34.29,5,7
1/12/2025,Midwest,MI04,INC_Q1_BONUS,Winter Shopper Incentive,Paid Search,Mobile,New,1936.84,4154.44,6091.28,589,508,81,135,117,-18,36748.26,30656.98,72.34,70,7479.67,0.44,19474,379,0.0195,1.3404,93.71,16,7.8
1/12/2025,West,WE04,LOYALTY_Q1,Loyalty Rewards,Social,Mobile,Lapsed,5073.14,2099.38,7172.52,555,499,56,168,315,147,29956.04,22783.52,60.03,426,80894.72,0.6,40293,4511,0.112,0.1106,87.94,4,6.6
1/12/2025,Midwest,MI05,CUST_RET_Q1,Customer Retargeting,Email,Mobile,New,2971.1,14186.67,17157.77,407,388,19,334,402,68,30828.48,13670.71,79.45,198,43248.73,0.2,53452,3894,0.0729,0.0996,59.7,8,8.9
1/12/2025,Northeast,NO03,INC_Q1_BONUS,Winter Shopper Incentive,Referral,Mobile,Returning,1230.65,3871.31,5101.96,267,228,39,83,208,125,16989.96,11888,74.52,495,28791.06,0.24,61750,3132,0.0507,0.0728,113.07,6,7.2
1/12/2025,Northeast,NO01,CUST_RET_Q1,Customer Retargeting,Referral,Mobile,Lapsed,1485.93,6387.99,7873.92,1064,984,80,116,226,110,60154.15,52280.23,61.13,158,17790.77,0.73,7023,230,0.0327,4.2783,33.81,33,7.9
1/13/2025,Southeast,SO01,NEW_USER_Q1,New User Acquisition,Paid Search,Desktop,New,6350.7,4261.43,10612.13,410,376,34,83,190,107,7528.93,-3083.2,20.02,278,50661.13,0.76,70346,1393,0.0198,0.2699,30.85,16,7.2
1/13/2025,Southeast,SO05,NEW_USER_Q1,New User Acquisition,Email,Mobile,New,6502.23,4637.25,11139.48,799,680,119,414,526,112,22334.51,11195.03,32.84,476,114362.32,0.52,43207,5513,0.1276,0.1233,65.29,14,8.8
1/13/2025,Southeast,SO03,INC_Q1_BONUS,Winter Shopper Incentive,Referral,Desktop,Lapsed,2704.38,7415.29,10119.67,692,605,87,137,172,35,63840.02,53720.35,105.52,53,2810.37,0.21,19020,1194,0.0628,0.5067,79.68,20,6.7
1/13/2025,Midwest,MI01,CUST_RET_Q1,Customer Retargeting,Social,Mobile,Lapsed,2441.01,8109.27,10550.28,920,889,31,111,77,-34,93994.76,83444.48,105.73,260,43826.58,0.54,37468,1538,0.041,0.578,94.32,15,6
1/13/2025,Northeast,NO02,NEW_USER_Q1,New User Acquisition,Paid Search,Desktop,Returning,6492.32,7379.09,13871.41,1398,1230,168,300,303,3,45480.38,31608.97,36.98,149,41892.91,0.23,35695,1216,0.0341,1.0115,79.26,25,7.6
1/13/2025,West,WE05,LOYALTY_Q1,Loyalty Rewards,Paid Search,Mobile,Returning,5395.4,2433.14,7828.54,1378,1191,187,157,262,105,87279.7,79451.16,73.28,494,99196.81,0.25,38860,2532,0.0652,0.4704,106.59,15,6.1
1/13/2025,Midwest,MI02,INC_Q1_BONUS,Winter Shopper Incentive,Referral,Mobile,Lapsed,1274,3706.75,4980.75,468,419,49,444,405,-39,44895.37,39914.62,107.15,186,11046.83,0.63,38493,1825,0.0474,0.2296,67.94,13,8.2
1/13/2025,Northeast,NO05,CUST_RET_Q1,Customer Retargeting,Social,Desktop,New,891.66,4511.18,5402.84,468,428,40,83,102,19,23136.65,17733.81,54.06,29,2621.59,0.27,39501,5524,0.1398,0.0775,71.25,18,6.2
1/13/2025,Southeast,SO02,LOYALTY_Q1,Loyalty Rewards,Email,Desktop,Lapsed,6359.76,9380.92,15740.68,1606,1523,83,100,196,96,163196.41,147455.73,107.15,96,17604.51,0.26,67266,4269,0.0635,0.3568,80.79,37,7.1
1/13/2025,West,WE02,INC_Q1_BONUS,Winter Shopper Incentive,Social,Desktop,New,3642.53,11569.16,15211.69,925,888,37,426,493,67,104776.4,89564.71,117.99,361,21784.04,0.43,76899,1533,0.0199,0.5793,73.91,23,8.6
1/13/2025,Midwest,MI03,LOYALTY_Q1,Loyalty Rewards,Paid Search,Mobile,New,8234.98,13655.74,21890.72,839,782,57,59,36,-23,53252.66,31361.94,68.1,143,10485.02,0.64,73115,2297,0.0314,0.3404,75.5,9,8.8
1/13/2025,West,WE05,CUST_RET_Q1,Customer Retargeting,Social,Desktop,Returning,5512.43,8244.45,13756.88,1256,1107,149,432,413,-19,66603,52846.12,60.17,423,24358.38,0.8,5820,746,0.1282,1.4839,68.92,33,6.8
1/13/2025,Northeast,NO03,INC_Q1_BONUS,Winter Shopper Incentive,Paid Search,Mobile,Lapsed,5797.6,9074.65,14872.25,1474,1449,25,275,276,1,65158.69,50286.44,44.97,231,55504.14,0.49,37660,4011,0.1065,0.3613,117.13,20,8.4
1/13/2025,Southeast,SO01,LOYALTY_Q1,Loyalty Rewards,Social,Mobile,Lapsed,8417.36,11161.94,19579.3,156,137,19,489,492,3,13117.51,-6461.79,95.75,284,53495.76,0.78,26293,606,0.023,0.2261,34.13,0,8.6
1/13/2025,Midwest,MI05,INC_Q1_BONUS,Winter Shopper Incentive,Paid Search,Desktop,Returning,9087.07,1620.82,10707.89,816,789,27,192,270,78,67416.89,56709,85.45,372,39897.13,0.32,89074,5205,0.0584,0.1516,90.5,21,7.2
1/13/2025,Southeast,SO04,NEW_USER_Q1,New User Acquisition,Paid Search,Mobile,Returning,2961.43,5817.4,8778.83,1442,1336,106,416,441,25,49445.53,40666.7,37.01,212,51358.23,0.6,50376,4618,0.0917,0.2893,73.03,27,6.7
1/13/2025,West,WE05,NEW_USER_Q1,New User Acquisition,Social,Desktop,New,5530.09,10582.29,16112.38,1306,1133,173,307,331,24,112661.71,96549.33,99.44,240,67936.93,0.35,25718,1282,0.0498,0.8838,58.6,26,7.1
1/14/2025,Midwest,MI04,NEW_USER_Q1,New User Acquisition,Email,Mobile,Lapsed,2148.48,10729.32,12877.8,1589,1578,11,305,264,-41,161347.43,148469.63,102.25,290,49253.2,0.39,74822,5850,0.0782,0.2697,84.56,53,8.5
1/14/2025,Midwest,MI02,INC_Q1_BONUS,Winter Shopper Incentive,Referral,Mobile,Lapsed,9641.86,6990.81,16632.67,327,314,13,294,293,-1,21968.02,5335.35,69.96,25,6165.52,0.21,6741,452,0.0671,0.6947,55.24,6,6.9
1/14/2025,Northeast,NO01,CUST_RET_Q1,Customer Retargeting,Referral,Mobile,Lapsed,4780.53,4997.35,9777.88,1073,953,120,434,473,39,45247.51,35469.63,47.48,44,7025.21,0.44,31105,2714,0.0873,0.3511,50.78,35,6.3
1/14/2025,West,WE04,INC_Q1_BONUS,Winter Shopper Incentive,Social,Desktop,New,7047.68,2496.37,9544.05,1291,1188,103,74,154,80,97727.97,88183.92,82.26,383,55242.96,0.26,89003,10129,0.1138,0.1173,83.95,18,8.9
1/14/2025,Southeast,SO04,LOYALTY_Q1,Loyalty Rewards,Email,Mobile,Lapsed,3487.92,10802.63,14290.55,107,91,16,228,240,12,10855.06,-3435.49,119.29,409,109917.68,0.66,77830,8777,0.1128,0.0104,39.37,2,7.9
1/14/2025,Southeast,SO05,INC_Q1_BONUS,Winter Shopper Incentive,Paid Search,Mobile,Returning,1352.14,11274.1,12626.24,1488,1472,16,424,465,41,129099.45,116473.21,87.7,216,55891.62,0.76,42876,2922,0.0682,0.5038,46.79,56,6.3
1/14/2025,Midwest,MI02,NEW_USER_Q1,New User Acquisition,Social,Mobile,Returning,2535.85,11952.85,14488.7,1739,1526,213,281,278,-3,73265.2,58776.5,48.01,126,7576.37,0.59,68986,7646,0.1108,0.1996,104.7,3,8.1
1/15/2025,West,WE03,INC_Q1_BONUS,Winter Shopper Incentive,Paid Search,Mobile,Lapsed,1403,12574.45,13977.45,288,276,12,73,46,-27,23588.36,9610.91,85.47,332,59399.73,0.48,8415,425,0.0505,0.6494,113.79,14,6.4
1/15/2025,Northeast,NO01,CUST_RET_Q1,Customer Retargeting,Paid Search,Mobile,New,4664.66,14947.67,19612.33,959,903,56,426,416,-10,39914.59,20302.26,44.2,221,22322.36,0.59,44764,5946,0.1328,0.1519,96.49,46,6.1
1/15/2025,Midwest,MI05,NEW_USER_Q1,New User Acquisition,Referral,Desktop,Lapsed,1672.31,9768.51,11440.82,1025,955,70,357,443,86,99241.73,87800.91,103.92,10,2490.02,0.65,70327,3041,0.0432,0.314,34.47,32,8.3
1/15/2025,Northeast,NO05,NEW_USER_Q1,New User Acquisition,Paid Search,Desktop,New,734.5,6078.55,6813.05,721,622,99,195,286,91,62212.83,55399.78,100.02,323,48982.19,0.29,80267,8970,0.1118,0.0693,100.63,35,7.8
1/15/2025,Northeast,NO04,CUST_RET_Q1,Customer Retargeting,Paid Search,Mobile,Returning,9224.78,10097.03,19321.81,208,204,4,392,445,53,9960.33,-9361.48,48.83,215,17104.25,0.2,41222,2274,0.0552,0.0897,79.89,5,6.3
1/15/2025,West,WE03,NEW_USER_Q1,New User Acquisition,Social,Desktop,New,9076.26,8348.6,17424.86,1551,1328,223,257,316,59,86888.17,69463.31,65.43,378,26194.22,0.3,94648,11500,0.1215,0.1155,98.11,77,6.7
1/15/2025,Northeast,NO02,CUST_RET_Q1,Customer Retargeting,Paid Search,Mobile,Lapsed,1327.54,7823.38,9150.92,1277,1150,127,141,267,126,74158.03,65007.11,64.49,190,18541.01,0.75,1786,160,0.0896,7.1875,98.6,48,6.9
1/15/2025,West,WE04,LOYALTY_Q1,Loyalty Rewards,Email,Mobile,Returning,9000.1,4747.36,13747.46,1906,1695,211,141,228,87,66029.66,52282.2,38.96,66,17473.18,0.25,21369,1524,0.0713,1.1122,66.79,1,6.7
1/15/2025,West,WE02,CUST_RET_Q1,Customer Retargeting,Paid Search,Mobile,New,1584.75,8256.46,9841.21,1338,1154,184,456,430,-26,43341.91,33500.7,37.56,399,77038.44,0.8,52259,984,0.0188,1.1728,83.84,59,6.5
1/15/2025,Northeast,NO01,NEW_USER_Q1,New User Acquisition,Referral,Desktop,Returning,4708.88,9649.38,14358.26,1559,1478,81,461,528,67,150825.32,136467.06,102.05,88,22500.73,0.51,63222,7101,0.1123,0.2081,55.89,37,7.2
1/15/2025,Midwest,MI01,NEW_USER_Q1,New User Acquisition,Email,Mobile,New,2825.6,10528.16,13353.76,1978,1821,157,398,449,51,154391.12,141037.36,84.78,405,118660.02,0.22,99384,4620,0.0465,0.3942,106.8,26,7.9
1/15/2025,Midwest,MI04,INC_Q1_BONUS,Winter Shopper Incentive,Referral,Mobile,Lapsed,3718.04,8863.54,12581.58,1421,1326,95,400,360,-40,156066.36,143484.78,117.7,390,36533.19,0.4,35206,4814,0.1367,0.2754,101.6,7,7
1/15/2025,Midwest,MI05,NEW_USER_Q1,New User Acquisition,Social,Mobile,New,5158.33,5436.4,10594.73,1272,1160,112,196,203,7,33018.54,22423.81,28.46,15,3781.37,0.36,28115,1021,0.0363,1.1361,109.92,45,6.8
1/15/2025,Southeast,SO01,CUST_RET_Q1,Customer Retargeting,Email,Desktop,New,1709.81,13661.28,15371.09,1367,1254,113,126,246,120,141406.4,126035.31,112.76,71,19275.15,0.71,76400,3581,0.0469,0.3502,48.48,22,8.5
1/15/2025,Northeast,NO04,CUST_RET_Q1,Customer Retargeting,Social,Desktop,New,6323.63,3414.29,9737.92,1615,1592,23,490,470,-20,179289.28,169551.36,112.62,204,16362.86,0.33,86705,4582,0.0528,0.3474,49.6,31,8.1
1/15/2025,West,WE03,CUST_RET_Q1,Customer Retargeting,Email,Desktop,Lapsed,6709.99,12914.52,19624.51,1696,1685,11,358,333,-25,101217.83,81593.32,60.07,49,12900.62,0.44,97220,3404,0.035,0.495,82.64,26,8.1
1/15/2025,Midwest,MI05,INC_Q1_BONUS,Winter Shopper Incentive,Paid Search,Mobile,New,5337.01,10433.4,15770.41,345,340,5,342,426,84,24993.63,9223.22,73.51,87,16787.5,0.21,15537,1151,0.0741,0.2954,41.48,15,7.6
1/16/2025,Northeast,NO02,NEW_USER_Q1,New User Acquisition,Email,Mobile,New,9754.85,12858.85,22613.7,556,518,38,313,462,149,21087.52,-1526.18,40.71,68,8549.57,0.24,3204,142,0.0443,3.6479,73.57,14,6.2
1/16/2025,West,WE03,CUST_RET_Q1,Customer Retargeting,Email,Desktop,New,4681.71,1970.31,6652.02,1812,1653,159,71,33,-38,37881.78,31229.76,22.92,116,18794.48,0.49,10969,195,0.0178,8.4769,112.06,76,9
1/16/2025,Southeast,SO05,CUST_RET_Q1,Customer Retargeting,Paid Search,Mobile,Returning,3417.33,1492.23,4909.56,1395,1369,26,65,182,117,38607.27,33697.71,28.2,300,48547.71,0.78,24535,1132,0.0461,1.2094,51.91,26,8.3
1/16/2025,Midwest,MI01,CUST_RET_Q1,Customer Retargeting,Referral,Mobile,Returning,4430.46,5189.48,9619.94,711,609,102,349,486,137,64345.23,54725.29,105.66,410,33375.6,0.39,47936,5413,0.1129,0.1125,101.76,5,9
1/16/2025,Northeast,NO05,LOYALTY_Q1,Loyalty Rewards,Referral,Mobile,Lapsed,8876.24,14186.68,23062.92,1202,1179,23,251,350,99,71954.81,48891.89,61.03,100,22975.49,0.37,42548,5134,0.1207,0.2296,70.86,23,8.1
1/16/2025,West,WE04,CUST_RET_Q1,Customer Retargeting,Email,Desktop,Returning,8070.06,2785.95,10856.01,1696,1446,250,62,151,89,102722.79,91866.78,71.04,467,74364.48,0.67,25151,918,0.0365,1.5752,99.42,11,8.5
1/16/2025,Northeast,NO03,LOYALTY_Q1,Loyalty Rewards,Referral,Desktop,Lapsed,7607.54,7575.16,15182.7,1864,1793,71,67,96,29,158925.53,143742.83,88.64,494,101512.38,0.44,79590,900,0.0113,1.9922,32.97,43,7.6
1/16/2025,Midwest,MI03,CUST_RET_Q1,Customer Retargeting,Paid Search,Mobile,Lapsed,2421.63,4783.48,7205.11,852,848,4,307,365,58,96345.36,89140.25,113.61,291,39633.25,0.74,56904,6703,0.1178,0.1265,108.01,37,8.8
1/16/2025,Southeast,SO05,LOYALTY_Q1,Loyalty Rewards,Referral,Desktop,Returning,7031.27,7584.04,14615.31,1980,1977,3,374,485,111,111165.81,96550.5,56.23,83,21671.85,0.54,43340,4074,0.094,0.4853,46.27,78,7.6
1/16/2025,West,WE02,LOYALTY_Q1,Loyalty Rewards,Referral,Mobile,Lapsed,1446.78,14932.41,16379.19,457,434,23,457,499,42,14462.04,-1917.15,33.32,491,119549.3,0.78,76265,991,0.013,0.4379,114.98,8,6.5
1/17/2025,Midwest,MI02,INC_Q1_BONUS,Winter Shopper Incentive,Referral,Mobile,Returning,4888.5,14882.24,19770.74,535,516,19,440,417,-23,28629.81,8859.07,55.48,451,33644.11,0.6,77295,3641,0.0471,0.1417,31.89,15,8.9
1/17/2025,West,WE05,CUST_RET_Q1,Customer Retargeting,Email,Desktop,New,6602.09,1907.95,8510.04,435,384,51,437,506,69,30853.93,22343.89,80.35,171,34173.02,0.56,61603,7731,0.1255,0.0497,74.84,13,6.4
1/17/2025,Midwest,MI04,CUST_RET_Q1,Customer Retargeting,Referral,Desktop,Returning,5643.37,3158.03,8801.4,404,375,29,414,449,35,16759.03,7957.63,44.69,352,56358.84,0.38,57882,2014,0.0348,0.1862,75.67,11,6.7
1/17/2025,Midwest,MI02,LOYALTY_Q1,Loyalty Rewards,Referral,Mobile,New,2300.16,10469.45,12769.61,367,320,47,276,258,-18,22829.9,10060.29,71.34,59,8449.93,0.29,54969,7484,0.1361,0.0428,97.56,3,6.1
1/17/2025,West,WE04,CUST_RET_Q1,Customer Retargeting,Email,Desktop,New,3823.69,10916.54,14740.23,1020,1005,15,457,587,130,69648.33,54908.1,69.3,328,46730.87,0.59,75266,3385,0.045,0.2969,85.46,15,7.8
1/17/2025,Midwest,MI05,NEW_USER_Q1,New User Acquisition,Social,Desktop,New,9493.73,6564.83,16058.56,971,925,46,401,386,-15,35140.41,19081.85,37.99,23,5469.1,0.76,22832,3230,0.1415,0.2864,63.17,3,8.3
1/17/2025,Northeast,NO01,LOYALTY_Q1,Loyalty Rewards,Paid Search,Desktop,Returning,4692.23,1918.79,6611.02,405,350,55,392,347,-45,31379.15,24768.13,89.65,64,9977.37,0.62,99706,1141,0.0114,0.3067,87.28,9,6.9
1/17/2025,Northeast,NO04,CUST_RET_Q1,Customer Retargeting,Social,Desktop,Lapsed,2458.39,6638.55,9096.94,666,579,87,166,208,42,56051.48,46954.54,96.81,213,17097.58,0.72,24874,457,0.0184,1.267,31.69,26,8.2
1/17/2025,Northeast,NO05,LOYALTY_Q1,Loyalty Rewards,Social,Desktop,Lapsed,2750.87,5974.71,8725.58,213,195,18,415,543,128,21957.14,13231.56,112.6,322,19223.76,0.77,66435,3242,0.0488,0.0601,108.6,10,6.4
1/17/2025,West,WE02,LOYALTY_Q1,Loyalty Rewards,Email,Desktop,Lapsed,6495.12,8195.53,14690.65,1371,1272,99,155,202,47,131991.7,117301.05,103.77,317,86004.4,0.35,59507,1150,0.0193,1.1061,110.84,28,7.8
1/18/2025,West,WE02,INC_Q1_BONUS,Winter Shopper Incentive,Social,Mobile,New,6676.59,6105.76,12782.35,719,624,95,147,227,80,55928.42,43146.07,89.63,433,69391.73,0.44,41998,2273,0.0541,0.2745,78.55,28,8
1/18/2025,West,WE01,LOYALTY_Q1,Loyalty Rewards,Referral,Desktop,Returning,1136.25,13282.91,14419.16,815,714,101,409,394,-15,74822.05,60402.89,104.79,125,26509.94,0.24,48937,4006,0.0819,0.1782,119.03,19,9
1/18/2025,Southeast,SO01,LOYALTY_Q1,Loyalty Rewards,Paid Search,Mobile,New,4283.16,7214.65,11497.81,1505,1312,193,399,482,83,149984.54,138486.73,114.32,117,16936.93,0.75,42247,2988,0.0707,0.4391,52.46,72,6.9
1/18/2025,Northeast,NO01,CUST_RET_Q1,Customer Retargeting,Referral,Desktop,New,8212.73,1194.07,9406.8,290,284,6,158,244,86,14016.39,4609.59,49.35,218,11997.51,0.29,8987,979,0.1089,0.2901,89.63,14,8
1/18/2025,West,WE04,LOYALTY_Q1,Loyalty Rewards,Paid Search,Mobile,Returning,6358.77,13051.19,19409.96,1120,1047,73,159,196,37,85562.89,66152.93,81.72,39,5526.28,0.26,42136,6121,0.1453,0.1711,117.31,35,7.5
1/18/2025,West,WE05,INC_Q1_BONUS,Winter Shopper Incentive,Email,Mobile,New,2819.4,7301.54,10120.94,1602,1534,68,376,489,113,44861.76,34740.82,29.24,47,5434.2,0.55,32213,883,0.0274,1.7373,83.96,4,7.5
1/18/2025,West,WE04,CUST_RET_Q1,Customer Retargeting,Paid Search,Desktop,New,3380.59,10771.87,14152.46,370,360,10,284,398,114,22360.28,8207.82,62.11,377,57292.94,0.6,28114,1055,0.0375,0.3412,34.98,15,6
1/18/2025,Southeast,SO04,NEW_USER_Q1,New User Acquisition,Referral,Desktop,New,9962.84,2447.29,12410.13,372,370,2,362,319,-43,36760.88,24350.75,99.35,65,11337.43,0.49,71283,932,0.0131,0.397,103.52,9,8
1/18/2025,Northeast,NO03,CUST_RET_Q1,Customer Retargeting,Referral,Desktop,Returning,866.86,2795.87,3662.73,1470,1292,178,152,157,5,150887.5,147224.77,116.79,229,54075.88,0.28,13803,494,0.0358,2.6154,69.88,0,6.8
1/18/2025,West,WE05,CUST_RET_Q1,Customer Retargeting,Email,Desktop,New,9470.12,9253.08,18723.2,1650,1474,176,432,553,121,69866.21,51143.01,47.4,93,12274.83,0.45,72428,8021,0.1107,0.1838,85.3,6,7.1
1/19/2025,Southeast,SO04,LOYALTY_Q1,Loyalty Rewards,Referral,Desktop,New,1353.22,1032.45,2385.67,678,651,27,74,60,-14,61225,58839.33,94.05,46,2365.16,0.76,8295,1022,0.1232,0.637,109.6,1,6.3
1/19/2025,Northeast,NO02,INC_Q1_BONUS,Winter Shopper Incentive,Referral,Mobile,Lapsed,8720.31,3201.82,11922.13,551,520,31,51,120,69,52853.36,40931.23,101.64,322,80232.85,0.35,12889,1631,0.1265,0.3188,111.55,17,6.7
1/19/2025,West,WE05,LOYALTY_Q1,Loyalty Rewards,Social,Desktop,Lapsed,7659.15,3851.34,11510.49,1477,1346,131,295,373,78,111908.99,100398.5,83.14,441,126248.84,0.62,29916,790,0.0264,1.7038,60.35,25,7.5
1/19/2025,Southeast,SO04,LOYALTY_Q1,Loyalty Rewards,Referral,Mobile,New,1337.28,11875.18,13212.46,542,516,26,192,333,141,53028.04,39815.58,102.77,78,17678.78,0.52,37110,1101,0.0297,0.4687,55.78,25,6.1
1/19/2025,Northeast,NO05,CUST_RET_Q1,Customer Retargeting,Paid Search,Desktop,Lapsed,6376.56,5337.86,11714.42,1420,1418,2,122,123,1,135561.4,123846.98,95.6,74,6051.4,0.41,64294,3524,0.0548,0.4024,105.45,46,6.7
1/19/2025,Midwest,MI05,LOYALTY_Q1,Loyalty Rewards,Email,Desktop,Returning,7051.57,5219.49,12271.06,948,904,44,72,75,3,54648.57,42377.51,60.45,462,90676.49,0.51,5311,183,0.0345,4.9399,83.74,25,7.3
1/19/2025,Northeast,NO05,NEW_USER_Q1,New User Acquisition,Referral,Desktop,Returning,7213.83,5172.55,12386.38,419,366,53,397,471,74,25184.62,12798.24,68.81,68,15393.44,0.6,39165,398,0.0102,0.9196,40.81,16,7.5
1/19/2025,Northeast,NO04,CUST_RET_Q1,Customer Retargeting,Social,Mobile,Returning,9898.74,10508.22,20406.96,1162,1101,61,330,470,140,22046.75,1639.79,20.02,438,50622.39,0.7,23115,987,0.0427,1.1155,100.05,1,7.7
1/19/2025,Northeast,NO03,LOYALTY_Q1,Loyalty Rewards,Referral,Mobile,Lapsed,8472.33,10141.9,18614.23,1628,1422,206,299,335,36,112685.08,94070.85,79.24,482,38977.36,0.79,52083,3589,0.0689,0.3962,95.44,5,8
1/19/2025,Southeast,SO04,CUST_RET_Q1,Customer Retargeting,Email,Mobile,Lapsed,7624.88,8138.46,15763.34,126,120,6,338,379,41,9239.79,-6523.55,77,187,14859.96,0.77,37025,5247,0.1417,0.0229,76.9,0,8.1
1/19/2025,Midwest,MI01,LOYALTY_Q1,Loyalty Rewards,Paid Search,Mobile,Returning,9049.54,1697.06,10746.6,963,877,86,237,332,95,103437.83,92691.23,117.95,145,22882.66,0.61,28041,3259,0.1162,0.2691,56.74,20,8.9
1/19/2025,West,WE02,NEW_USER_Q1,New User Acquisition,Social,Mobile,Lapsed,9725.19,14709.33,24434.52,111,103,8,253,238,-15,6101.71,-18332.81,59.24,341,29222.41,0.26,11273,1017,0.0902,0.1013,100.29,4,7.6
1/19/2025,Southeast,SO04,INC_Q1_BONUS,Winter Shopper Incentive,Paid Search,Mobile,New,1311.93,6338.35,7650.28,1859,1809,50,308,353,45,150970.12,143319.84,83.46,23,5549.11,0.77,43154,1843,0.0427,0.9816,74.07,30,7.2
1/19/2025,Southeast,SO05,INC_Q1_BONUS,Winter Shopper Incentive,Referral,Mobile,Returning,7474.43,14312.21,21786.64,808,777,31,393,349,-44,60817.46,39030.82,78.27,390,93876.26,0.42,53077,2377,0.0448,0.3269,38.22,6,6.5
1/19/2025,Northeast,NO04,LOYALTY_Q1,Loyalty Rewards,Email,Mobile,Lapsed,4989.04,5771.43,10760.47,609,581,28,485,560,75,41280.93,30520.46,71.05,259,52495.97,0.63,30424,4242,0.1394,0.137,103.48,11,6
1/19/2025,Northeast,NO02,NEW_USER_Q1,New User Acquisition,Social,Mobile,New,4340.5,6511.47,10851.97,141,140,1,463,545,82,14907.25,4055.28,106.48,116,28998.46,0.7,60185,978,0.0162,0.1431,54.12,7,6.2
1/19/2025,Southeast,SO01,INC_Q1_BONUS,Winter Shopper Incentive,Email,Mobile,Lapsed,2006.68,9983.61,11990.29,1209,1152,57,266,318,52,77012.36,65022.07,66.85,144,19983.41,0.5,20299,2407,0.1186,0.4786,37.56,45,8.2
1/20/2025,Northeast,NO01,INC_Q1_BONUS,Winter Shopper Incentive,Paid Search,Desktop,Returning,1303.37,9495.86,10799.23,727,644,83,479,490,11,51312.4,40513.17,79.68,473,125699.38,0.73,60546,6856,0.1132,0.0939,55.79,8,9
1/20/2025,Northeast,NO02,CUST_RET_Q1,Customer Retargeting,Email,Desktop,New,9538.27,2918.29,12456.56,1507,1296,211,132,144,12,33880.7,21424.14,26.14,325,50163.33,0.43,86525,12706,0.1468,0.102,102.71,40,7.6
1/20/2025,Northeast,NO03,INC_Q1_BONUS,Winter Shopper Incentive,Paid Search,Mobile,Returning,1567.77,1690.33,3258.1,227,208,19,96,98,2,6937.51,3679.41,33.35,462,132014.51,0.57,56182,4132,0.0735,0.0503,75.63,2,8.2
1/20/2025,Northeast,NO05,CUST_RET_Q1,Customer Retargeting,Paid Search,Desktop,New,7332.4,11433.38,18765.78,1324,1191,133,208,199,-9,60725,41959.22,50.99,454,90687.75,0.24,56897,4009,0.0705,0.2971,64.75,18,8.3
1/20/2025,Midwest,MI05,LOYALTY_Q1,Loyalty Rewards,Referral,Mobile,Lapsed,1095.86,12416.83,13512.69,1838,1581,257,251,293,42,113935.61,100422.92,72.07,185,16813.99,0.22,69232,6593,0.0952,0.2398,46.14,87,8.9
1/20/2025,West,WE01,NEW_USER_Q1,New User Acquisition,Social,Mobile,Lapsed,2033.46,6207.93,8241.39,1406,1369,37,146,286,140,108030.35,99788.96,78.91,282,35432.75,0.36,83641,12219,0.1461,0.112,85.58,12,7.2
1/20/2025,Northeast,NO02,CUST_RET_Q1,Customer Retargeting,Social,Mobile,Lapsed,7434.2,13195.93,20630.13,1728,1513,215,182,254,72,180063.61,159433.48,119.01,351,86123.13,0.46,83201,3367,0.0405,0.4494,42.3,35,8.3
1/21/2025,Midwest,MI02,CUST_RET_Q1,Customer Retargeting,Referral,Desktop,Returning,1459.94,10690.26,12150.2,863,813,50,309,361,52,34869.13,22718.93,42.89,110,22418.53,0.38,99723,8355,0.0838,0.0973,68.35,36,8.7
1/21/2025,West,WE05,CUST_RET_Q1,Customer Retargeting,Social,Desktop,Returning,8683.01,12851.2,21534.21,1356,1263,93,198,288,90,53180.3,31646.09,42.11,135,35167.45,0.64,83566,2948,0.0353,0.4284,34.85,21,9
1/21/2025,Northeast,NO05,NEW_USER_Q1,New User Acquisition,Paid Search,Desktop,Lapsed,4437.46,11553.62,15991.08,131,114,17,304,262,-42,5344.85,-10646.23,46.88,489,29636.13,0.36,95019,13577,0.1429,0.0084,86.89,2,8.3
1/21/2025,Northeast,NO02,CUST_RET_Q1,Customer Retargeting,Paid Search,Mobile,Lapsed,1962.05,3089.49,5051.54,937,845,92,435,534,99,27510.29,22458.75,32.56,155,9946.37,0.22,17428,997,0.0572,0.8475,102.26,42,7.9
1/21/2025,Midwest,MI05,INC_Q1_BONUS,Winter Shopper Incentive,Email,Mobile,Lapsed,5917.73,3941.5,9859.23,1426,1217,209,219,303,84,119291.88,109432.65,98.02,349,78467.37,0.4,70876,6338,0.0894,0.192,101.66,39,7.8
1/21/2025,Midwest,MI05,NEW_USER_Q1,New User Acquisition,Email,Desktop,Returning,6835.81,7095.55,13931.36,1649,1467,182,315,404,89,57634.11,43702.75,39.29,128,14684.94,0.23,46689,1129,0.0242,1.2994,101.27,0,7.7
1/21/2025,Northeast,NO05,INC_Q1_BONUS,Winter Shopper Incentive,Email,Desktop,Returning,5335.11,7339.55,12674.66,793,779,14,54,123,69,52368.16,39693.5,67.22,440,53080.53,0.37,2407,262,0.1088,2.9733,82.89,20,7.2
1/21/2025,Northeast,NO04,INC_Q1_BONUS,Winter Shopper Incentive,Email,Desktop,Lapsed,737.35,11090.15,11827.5,363,354,9,80,122,42,26425.26,14597.76,74.65,280,61865.17,0.65,21981,794,0.0361,0.4458,46.94,4,6.2
1/21/2025,Midwest,MI02,CUST_RET_Q1,Customer Retargeting,Email,Desktop,New,1447.75,1763.17,3210.92,1143,1110,33,179,165,-14,28273.27,25062.35,25.47,365,103340.99,0.72,31984,3944,0.1233,0.2814,102.01,33,8.9
1/21/2025,Midwest,MI01,NEW_USER_Q1,New User Acquisition,Email,Desktop,New,1930.8,14057.07,15987.87,1212,1155,57,401,527,126,114955.75,98967.88,99.53,218,37446,0.73,13676,716,0.0524,1.6131,72.1,8,7.5
1/21/2025,Northeast,NO03,CUST_RET_Q1,Customer Retargeting,Email,Desktop,Returning,1609.64,4824.23,6433.87,1459,1296,163,392,494,102,119266.72,112832.85,92.03,371,50580.65,0.79,92384,6157,0.0666,0.2105,35.62,19,6.8
1/21/2025,Midwest,MI01,INC_Q1_BONUS,Winter Shopper Incentive,Email,Mobile,New,8756.66,8757.8,17514.46,1218,1086,132,295,367,72,101359.41,83844.95,93.33,422,33374.76,0.42,32127,1616,0.0503,0.672,46.7,49,7.4
1/21/2025,Northeast,NO05,LOYALTY_Q1,Loyalty Rewards,Paid Search,Mobile,Lapsed,671.3,8798.67,9469.97,524,490,34,91,215,124,18455.51,8985.54,37.66,407,110659.54,0.48,11315,1161,0.1026,0.422,103.53,5,8.4
1/21/2025,Northeast,NO03,NEW_USER_Q1,New User Acquisition,Referral,Mobile,Returning,2869.07,13469.33,16338.4,923,786,137,288,250,-38,27155.63,10817.23,34.55,203,53124.24,0.56,40963,2903,0.0709,0.2708,48.07,40,7.3
1/21/2025,West,WE03,CUST_RET_Q1,Customer Retargeting,Social,Desktop,New,9347.03,6570.3,15917.33,1682,1655,27,264,345,81,183187.45,167270.12,110.69,261,59130.4,0.22,86827,2684,0.0309,0.6166,72.22,69,8.1
1/21/2025,West,WE03,INC_Q1_BONUS,Winter Shopper Incentive,Referral,Desktop,Lapsed,3324.52,1819.88,5144.4,382,378,4,195,179,-16,30319.45,25175.05,80.21,408,33726.18,0.58,16169,2109,0.1304,0.1792,31.19,4,6.1
1/21/2025,West,WE03,INC_Q1_BONUS,Winter Shopper Incentive,Referral,Mobile,Returning,9191.85,14848.58,24040.43,1086,930,156,368,329,-39,41188.42,17147.99,44.29,263,67264.11,0.34,79872,2775,0.0347,0.3351,39.22,12,8.6
1/21/2025,Midwest,MI04,LOYALTY_Q1,Loyalty Rewards,Social,Desktop,Returning,3238.07,3720.57,6958.64,332,300,32,195,159,-36,24299.44,17340.8,81,180,26170.92,0.5,40316,2681,0.0665,0.1119,107.61,3,6.8
1/21/2025,Midwest,MI03,LOYALTY_Q1,Loyalty Rewards,Social,Desktop,New,4186.26,7883.05,12069.31,1537,1483,54,222,206,-16,137846.33,125777.02,92.95,142,39507.81,0.65,63495,7378,0.1162,0.201,86.33,17,7.7
1/21/2025,West,WE05,INC_Q1_BONUS,Winter Shopper Incentive,Referral,Mobile,Returning,5534.04,12808.17,18342.21,1852,1657,195,223,247,24,131887.52,113545.31,79.59,162,21620.6,0.48,29668,1087,0.0366,1.5244,108.87,81,7.3
1/21/2025,Northeast,NO04,INC_Q1_BONUS,Winter Shopper Incentive,Email,Desktop,New,2275.64,8588.5,10864.14,116,99,17,94,117,23,2606.86,-8257.28,26.33,70,6569.7,0.28,56710,3514,0.062,0.0282,88.14,3,8
1/21/2025,Midwest,MI04,LOYALTY_Q1,Loyalty Rewards,Social,Mobile,Lapsed,8674.09,8448.19,17122.28,1111,976,135,442,539,97,91773.75,74651.47,94.03,390,116989.54,0.42,83504,3679,0.0441,0.2653,33.61,26,8.4
1/22/2025,Northeast,NO03,NEW_USER_Q1,New User Acquisition,Referral,Desktop,Returning,9499.33,3329.29,12828.62,623,535,88,443,510,67,29204.74,16376.12,54.59,483,33169.35,0.71,24821,3631,0.1463,0.1473,117.2,3,7.9
1/22/2025,Northeast,NO02,NEW_USER_Q1,New User Acquisition,Paid Search,Mobile,Returning,1525.47,10594.17,12119.64,535,520,15,144,244,100,54116.56,41996.92,104.07,470,72076.43,0.65,67912,5512,0.0812,0.0943,56.78,18,6.5
1/22/2025,Northeast,NO02,CUST_RET_Q1,Customer Retargeting,Paid Search,Mobile,Returning,6121.12,10836.87,16957.99,231,219,12,397,374,-23,9508.64,-7449.35,43.42,85,14612.93,0.59,1193,57,0.0478,3.8421,72.56,8,7.5
1/22/2025,Southeast,SO05,INC_Q1_BONUS,Winter Shopper Incentive,Email,Mobile,Lapsed,2135.05,13957.31,16092.36,119,106,13,487,584,97,8469.87,-7622.49,79.9,93,6791.21,0.53,20233,2195,0.1085,0.0483,63.59,2,8
1/22/2025,Northeast,NO03,NEW_USER_Q1,New User Acquisition,Referral,Mobile,New,2684.94,6758.26,9443.2,681,668,13,384,518,134,22785.99,13342.79,34.11,297,76058.02,0.44,26491,2699,0.1019,0.2475,78.16,21,8
1/22/2025,Midwest,MI02,NEW_USER_Q1,New User Acquisition,Referral,Mobile,New,682.09,7047.85,7729.94,216,184,32,154,106,-48,16784.85,9054.91,91.22,340,35506.96,0.57,60180,8309,0.1381,0.0221,49.05,9,8.3
1/22/2025,Southeast,SO02,CUST_RET_Q1,Customer Retargeting,Social,Desktop,Returning,2373.81,3989.52,6363.33,1839,1828,11,121,246,125,192478.2,186114.87,105.29,24,4269.15,0.75,47404,1512,0.0319,1.209,63,10,6.5
1/22/2025,West,WE05,NEW_USER_Q1,New User Acquisition,Social,Desktop,Returning,9014.67,6662.87,15677.54,437,431,6,98,158,60,18806.37,3128.83,43.63,66,6381.75,0.7,61998,6609,0.1066,0.0652,64.85,14,7.6
1/22/2025,Southeast,SO04,NEW_USER_Q1,New User Acquisition,Paid Search,Mobile,Lapsed,3998.81,6228.22,10227.03,432,423,9,445,449,4,43696.16,33469.13,103.3,432,57687.45,0.69,15021,798,0.0531,0.5301,31.8,15,7.2
1/22/2025,Midwest,MI02,INC_Q1_BONUS,Winter Shopper Incentive,Paid Search,Mobile,New,2979.77,8532.95,11512.72,1170,1039,131,108,111,3,24629.7,13116.98,23.71,201,57673.57,0.28,43244,1828,0.0423,0.5684,99.56,43,7.1
1/22/2025,Northeast,NO04,LOYALTY_Q1,Loyalty Rewards,Referral,Mobile,Returning,4736.5,4145.25,8881.75,885,804,81,286,345,59,89626.05,80744.3,111.48,158,21453.06,0.35,15988,2195,0.1373,0.3663,76.8,23,6.5
1/22/2025,West,WE04,NEW_USER_Q1,New User Acquisition,Referral,Mobile,New,4475.24,5823.87,10299.11,1699,1666,33,74,217,143,36850.63,26551.52,22.12,466,83080.98,0.35,23222,3029,0.1304,0.55,78.79,70,7.3
1/22/2025,Midwest,MI05,INC_Q1_BONUS,Winter Shopper Incentive,Social,Mobile,Lapsed,6536.84,3182.62,9719.46,216,190,26,325,380,55,13186.81,3467.35,69.4,27,4103.94,0.26,3696,397,0.1074,0.4786,75.56,3,7
1/22/2025,West,WE04,NEW_USER_Q1,New User Acquisition,Social,Mobile,New,2491,6842.76,9333.76,1471,1436,35,212,329,117,111358.25,102024.49,77.55,185,16238.85,0.37,64202,1027,0.016,1.3982,90.82,70,6.9
1/23/2025,Midwest,MI01,INC_Q1_BONUS,Winter Shopper Incentive,Social,Desktop,Returning,4371.66,6699.49,11071.15,1481,1326,155,121,73,-48,110335.11,99263.96,83.21,470,134853.34,0.24,29220,705,0.0241,1.8809,108.2,65,6.2
1/23/2025,West,WE03,NEW_USER_Q1,New User Acquisition,Social,Mobile,New,9515.32,2995.79,12511.11,1264,1091,173,333,428,95,95177.73,82666.62,87.24,328,71375.62,0.59,96386,11299,0.1172,0.0966,67.23,31,6.1
1/23/2025,Midwest,MI03,NEW_USER_Q1,New User Acquisition,Referral,Mobile,Returning,965.54,9018.78,9984.32,113,112,1,122,162,40,5311.18,-4673.14,47.42,99,15858.29,0.36,90051,8222,0.0913,0.0136,96.75,4,8.7
1/23/2025,West,WE01,INC_Q1_BONUS,Winter Shopper Incentive,Email,Desktop,Returning,8620.79,6342.04,14962.83,1879,1646,233,372,392,20,56138.44,41175.61,34.11,384,109036.5,0.44,51646,645,0.0125,2.5519,49.46,33,8.1
1/23/2025,Southeast,SO02,CUST_RET_Q1,Customer Retargeting,Referral,Mobile,Returning,9739.54,1815.33,11554.87,1316,1208,108,167,122,-45,91205.1,79650.23,75.5,141,19716.57,0.23,59204,2139,0.0361,0.5647,47.86,62,8.2
1/23/2025,Northeast,NO01,LOYALTY_Q1,Loyalty Rewards,Social,Mobile,Returning,698.61,14321.41,15020.02,176,162,14,195,293,98,18332.38,3312.36,113.16,499,56678.93,0.66,4497,110,0.0245,1.4727,81.64,6,8.9
1/23/2025,Midwest,MI04,INC_Q1_BONUS,Winter Shopper Incentive,Social,Mobile,New,4151.88,10417.08,14568.96,132,116,16,327,409,82,8840.88,-5728.08,76.21,286,73111.33,0.44,24089,3076,0.1277,0.0377,43.16,3,7.5
1/24/2025,Southeast,SO04,CUST_RET_Q1,Customer Retargeting,Paid Search,Desktop,New,1838.78,12230.76,14069.54,164,139,25,58,95,37,8268.85,-5800.69,59.49,145,7450.18,0.69,40504,4438,0.1096,0.0313,101.12,4,8.8
1/24/2025,Midwest,MI05,LOYALTY_Q1,Loyalty Rewards,Referral,Desktop,Returning,4288.83,12430.05,16718.88,243,236,7,173,309,136,9121.84,-7597.04,38.65,358,94723.11,0.4,73082,8006,0.1095,0.0295,102.86,3,7.9
1/24/2025,Northeast,NO01,LOYALTY_Q1,Loyalty Rewards,Email,Mobile,Lapsed,4419.87,6208.25,10628.12,195,175,20,239,225,-14,7675.45,-2952.67,43.86,192,45641.81,0.65,22352,1405,0.0629,0.1246,78.09,3,8.5
1/24/2025,Midwest,MI05,CUST_RET_Q1,Customer Retargeting,Referral,Desktop,Returning,7222.97,12040.61,19263.58,1827,1695,132,222,265,43,89528.67,70265.09,52.82,192,20921.16,0.42,51288,4808,0.0937,0.3525,96.21,74,8.2
1/24/2025,Midwest,MI03,CUST_RET_Q1,Customer Retargeting,Referral,Desktop,New,2009.63,9543.15,11552.78,287,261,26,133,234,101,17540.78,5988,67.21,222,14927.17,0.23,93573,1411,0.0151,0.185,54.81,6,8.7
1/24/2025,Northeast,NO05,CUST_RET_Q1,Customer Retargeting,Email,Mobile,Lapsed,9467.83,4765.55,14233.38,1975,1910,65,189,175,-14,47403.53,33170.15,24.82,110,19210.7,0.43,26599,1877,0.0706,1.0176,71.19,17,7.9
1/24/2025,Midwest,MI04,INC_Q1_BONUS,Winter Shopper Incentive,Paid Search,Mobile,Lapsed,2925.7,2482.24,5407.94,899,865,34,363,440,77,74230.82,68822.88,85.82,377,39298.13,0.37,58530,824,0.0141,1.0498,111.65,3,7.3
1/24/2025,West,WE01,INC_Q1_BONUS,Winter Shopper Incentive,Social,Desktop,New,3935.65,2755.25,6690.9,1158,1140,18,202,324,122,79175.41,72484.51,69.45,135,26227.7,0.73,92873,9080,0.0978,0.1256,102.76,24,8.2
1/24/2025,Southeast,SO03,INC_Q1_BONUS,Winter Shopper Incentive,Paid Search,Mobile,Returning,7424.26,5220.48,12644.74,656,589,67,122,85,-37,56533.61,43888.87,95.98,232,11822.55,0.5,74591,6791,0.091,0.0867,34.91,12,6.8
1/24/2025,Northeast,NO05,NEW_USER_Q1,New User Acquisition,Paid Search,Desktop,Lapsed,1554.45,3479.7,5034.15,680,659,21,414,533,119,64964.78,59930.63,98.58,269,76729.95,0.49,15193,1445,0.0951,0.4561,81.82,26,6.1
1/24/2025,West,WE03,INC_Q1_BONUS,Winter Shopper Incentive,Email,Desktop,Returning,1711.25,2302.43,4013.68,454,412,42,254,259,5,42136.74,38123.06,102.27,156,27356.45,0.51,12519,798,0.0637,0.5163,96.31,9,6.3
1/24/2025,Northeast,NO05,NEW_USER_Q1,New User Acquisition,Referral,Mobile,Returning,4136.53,3201.83,7338.36,1031,962,69,468,520,52,62359.4,55021.04,64.82,237,56035,0.32,48836,2700,0.0553,0.3563,105.48,49,7.1
1/24/2025,Southeast,SO01,LOYALTY_Q1,Loyalty Rewards,Email,Mobile,Returning,1811.79,2851.97,4663.76,1506,1334,172,55,82,27,103848.33,99184.57,77.85,426,25301.51,0.5,35510,1968,0.0554,0.6778,46.46,47,8.4
1/24/2025,Southeast,SO03,LOYALTY_Q1,Loyalty Rewards,Paid Search,Desktop,Returning,6680.46,5985.95,12666.41,621,555,66,211,255,44,31927.23,19260.82,57.53,436,70756.23,0.52,41576,2753,0.0662,0.2016,73.24,24,9
1/25/2025,Northeast,NO03,INC_Q1_BONUS,Winter Shopper Incentive,Paid Search,Desktop,New,9650.61,1170.16,10820.77,771,719,52,352,450,98,17500.52,6679.75,24.34,222,66209.55,0.24,92362,9915,0.1073,0.0725,36.79,13,6.9
1/25/2025,Midwest,MI04,INC_Q1_BONUS,Winter Shopper Incentive,Email,Desktop,Lapsed,9770.72,5716.54,15487.26,1856,1797,59,232,213,-19,125465.77,109978.51,69.82,91,5024.59,0.59,38412,5742,0.1495,0.313,117.73,2,6.2
1/25/2025,Midwest,MI01,INC_Q1_BONUS,Winter Shopper Incentive,Referral,Mobile,Returning,5693.61,13633.78,19327.39,1235,1090,145,140,107,-33,33338,14010.61,30.59,236,45229.71,0.59,43946,2967,0.0675,0.3674,80.45,51,6
1/25/2025,Southeast,SO02,INC_Q1_BONUS,Winter Shopper Incentive,Social,Desktop,New,7058.85,5767.63,12826.48,738,629,109,383,431,48,50474.07,37647.59,80.24,235,16262.44,0.34,51772,6569,0.1269,0.0958,117.72,16,6.7
1/25/2025,West,WE02,LOYALTY_Q1,Loyalty Rewards,Referral,Desktop,New,4628.04,13173.47,17801.51,757,727,30,112,182,70,38256.23,20454.72,52.62,114,22602.1,0.49,57574,4159,0.0722,0.1748,96.81,15,6.2
1/25/2025,West,WE02,CUST_RET_Q1,Customer Retargeting,Paid Search,Mobile,Lapsed,681.44,10657.08,11338.52,1022,871,151,75,51,-24,57084.9,45746.38,65.54,393,39263.53,0.65,90787,10034,0.1105,0.0868,69.84,18,6.8
1/25/2025,Midwest,MI02,CUST_RET_Q1,Customer Retargeting,Email,Mobile,Returning,1192.54,9775.66,10968.2,1328,1135,193,487,567,80,93331.39,82363.19,82.23,477,83697.94,0.47,36031,3119,0.0866,0.3639,79.16,38,8.9
1/25/2025,Southeast,SO01,LOYALTY_Q1,Loyalty Rewards,Referral,Desktop,Returning,2261.41,8168.25,10429.66,353,323,30,198,157,-41,36179.68,25750.02,112.01,351,61130.62,0.29,64575,5001,0.0774,0.0646,41.19,4,6.2
1/25/2025,West,WE04,CUST_RET_Q1,Customer Retargeting,Email,Desktop,New,4333.92,10833.55,15167.47,1029,1006,23,67,93,26,72801.44,57633.97,72.37,285,78164.63,0.76,19909,661,0.0332,1.5219,43.46,37,8
1/26/2025,West,WE04,LOYALTY_Q1,Loyalty Rewards,Referral,Desktop,Lapsed,9993.86,8781.29,18775.15,1209,1193,16,319,347,28,107062.24,88287.09,89.74,146,14329.86,0.27,42786,6084,0.1422,0.1961,72.68,29,6.2
1/26/2025,Southeast,SO02,LOYALTY_Q1,Loyalty Rewards,Referral,Desktop,Returning,9009.4,9165.73,18175.13,1899,1615,284,374,495,121,151956.01,133780.88,94.09,166,46931.83,0.7,72274,3458,0.0478,0.467,105.84,43,7.7
1/26/2025,Northeast,NO01,LOYALTY_Q1,Loyalty Rewards,Paid Search,Mobile,Returning,3264.49,13165.43,16429.92,149,136,13,265,360,95,10692.8,-5737.12,78.62,81,16579.63,0.25,54693,2429,0.0444,0.056,112.34,5,7.4
1/26/2025,West,WE05,LOYALTY_Q1,Loyalty Rewards,Referral,Mobile,Returning,5657.93,2811.33,8469.26,554,483,71,138,228,90,31815.46,23346.2,65.87,403,98531.99,0.33,66614,5033,0.0756,0.096,106.78,1,8.1
1/26/2025,Midwest,MI01,INC_Q1_BONUS,Winter Shopper Incentive,Referral,Mobile,Returning,8895.47,8860.69,17756.16,299,291,8,454,576,122,6476.75,-11279.41,22.26,392,95024.93,0.49,50950,2544,0.0499,0.1144,51.53,9,8.4
1/26/2025,West,WE03,CUST_RET_Q1,Customer Retargeting,Email,Desktop,New,1457.15,10905.32,12362.47,1158,1066,92,125,197,72,68121.82,55759.35,63.9,92,8640.46,0.78,82214,10045,0.1222,0.1061,65.79,5,6.5
1/26/2025,Midwest,MI03,CUST_RET_Q1,Customer Retargeting,Social,Desktop,Lapsed,4259.58,5181.41,9440.99,410,353,57,107,119,12,24532.89,15091.9,69.5,496,47696.75,0.4,93680,6723,0.0718,0.0525,35.85,18,8
1/26/2025,Southeast,SO05,CUST_RET_Q1,Customer Retargeting,Email,Desktop,Lapsed,2534.67,1841.02,4375.69,1666,1452,214,205,235,30,106536.93,102161.24,73.37,494,136393.58,0.8,6674,231,0.0346,6.2857,84.56,53,8.1
1/26/2025,West,WE05,NEW_USER_Q1,New User Acquisition,Referral,Desktop,New,8623.34,10214.27,18837.61,1337,1309,28,70,34,-36,51594.59,32756.98,39.42,135,11566.86,0.39,66195,8939,0.135,0.1464,109.77,17,7.4
1/26/2025,Midwest,MI02,INC_Q1_BONUS,Winter Shopper Incentive,Social,Desktop,Returning,7290.7,11223.42,18514.12,817,748,69,254,230,-24,25371.25,6857.13,33.92,185,21230.56,0.24,91709,2190,0.0239,0.3416,111.8,26,8.2
1/26/2025,Midwest,MI04,CUST_RET_Q1,Customer Retargeting,Referral,Mobile,Returning,1194.06,7471.57,8665.63,533,502,31,182,214,32,16152.67,7487.04,32.18,291,83893.67,0.31,64910,8300,0.1279,0.0605,71.75,15,7.8
1/26/2025,Southeast,SO05,LOYALTY_Q1,Loyalty Rewards,Email,Desktop,New,7037.08,1296.29,8333.37,304,264,40,306,440,134,29184.92,20851.55,110.55,187,28800.38,0.3,11426,1101,0.0964,0.2398,78.07,8,6.2
1/26/2025,Southeast,SO03,LOYALTY_Q1,Loyalty Rewards,Social,Desktop,New,3114.15,7631.59,10745.74,1715,1599,116,365,347,-18,76332.39,65586.65,47.74,393,76217.4,0.43,3056,223,0.073,7.1704,84.33,19,8.6
1/26/2025,Midwest,MI05,LOYALTY_Q1,Loyalty Rewards,Referral,Desktop,Lapsed,6163.55,13506.78,19670.33,259,244,15,67,119,52,22083.95,2413.62,90.51,148,11551.45,0.79,22383,3280,0.1465,0.0744,46.43,2,8.2
1/26/2025,Southeast,SO05,LOYALTY_Q1,Loyalty Rewards,Social,Desktop,Returning,3121.26,5909.83,9031.09,1878,1748,130,459,469,10,124706.33,115675.24,71.34,439,23667.29,0.24,92296,7247,0.0785,0.2412,73.98,82,8.7
1/26/2025,West,WE01,NEW_USER_Q1,New User Acquisition,Social,Desktop,Lapsed,1215.77,14252.94,15468.71,738,658,80,383,345,-38,18032.92,2564.21,27.41,437,108239.23,0.25,52595,4482,0.0852,0.1468,44.41,28,8.8
1/26/2025,West,WE03,LOYALTY_Q1,Loyalty Rewards,Paid Search,Desktop,New,8582.66,14361.3,22943.96,1469,1412,57,346,470,124,88988.26,66044.3,63.02,282,56433.34,0.35,95325,10046,0.1054,0.1406,58.37,29,7.3
1/27/2025,West,WE02,NEW_USER_Q1,New User Acquisition,Paid Search,Desktop,Returning,7283.61,7915.74,15199.35,1965,1771,194,343,433,90,55012.88,39813.53,31.06,237,38927.26,0.56,21103,653,0.0309,2.7121,50.63,75,8.3
1/27/2025,West,WE04,NEW_USER_Q1,New User Acquisition,Email,Mobile,Returning,2892.09,5839.74,8731.83,110,109,1,409,396,-13,4658.13,-4073.7,42.74,32,5296.05,0.77,3443,473,0.1374,0.2304,42.52,1,7.8
1/27/2025,Midwest,MI03,CUST_RET_Q1,Customer Retargeting,Social,Mobile,Returning,8375.67,14877.69,23253.36,357,304,53,317,429,112,19725.13,-3528.23,64.89,320,62175.99,0.23,75964,9352,0.1231,0.0325,49.44,5,8.5
1/27/2025,Southeast,SO03,INC_Q1_BONUS,Winter Shopper Incentive,Social,Desktop,New,3295.79,2210.24,5506.03,978,883,95,209,353,144,38570.58,33064.55,43.68,33,9840.63,0.28,94287,10221,0.1084,0.0864,42.31,15,8
1/27/2025,West,WE04,LOYALTY_Q1,Loyalty Rewards,Email,Mobile,Returning,5021.83,14912.82,19934.65,1269,1192,77,484,542,58,128801.36,108866.71,108.05,275,69741.32,0.48,80180,2427,0.0303,0.4911,82.34,44,7.6
1/27/2025,Northeast,NO04,INC_Q1_BONUS,Winter Shopper Incentive,Paid Search,Desktop,Lapsed,5434.58,11957.17,17391.75,441,385,56,419,401,-18,44140.34,26748.59,114.65,279,30074.52,0.41,76276,4787,0.0628,0.0804,30.12,19,7.7
1/27/2025,Southeast,SO05,NEW_USER_Q1,New User Acquisition,Email,Desktop,Lapsed,2662.3,14822.4,17484.7,863,838,25,83,105,22,37764.97,20280.27,45.07,310,80286.06,0.76,10586,1192,0.1126,0.703,39.78,41,8.3
1/28/2025,Midwest,MI02,NEW_USER_Q1,New User Acquisition,Referral,Desktop,New,4918.02,13238.39,18156.41,524,483,41,484,551,67,47892.26,29735.85,99.16,215,38192.7,0.69,95636,7441,0.0778,0.0649,31.2,13,7.2
1/28/2025,Midwest,MI05,LOYALTY_Q1,Loyalty Rewards,Paid Search,Desktop,Lapsed,5129.02,7019.79,12148.81,1012,967,45,62,107,45,55680.35,43531.54,57.58,247,63451.4,0.3,31676,3699,0.1168,0.2614,34.09,16,7.5
1/28/2025,Northeast,NO04,NEW_USER_Q1,New User Acquisition,Paid Search,Desktop,Lapsed,1409.43,5447.73,6857.16,1906,1829,77,250,244,-6,189575.57,182718.41,103.65,80,22686.08,0.75,34769,1888,0.0543,0.9688,55.71,29,8.3
1/28/2025,Northeast,NO01,NEW_USER_Q1,New User Acquisition,Referral,Desktop,Lapsed,6636.31,4260.31,10896.62,1011,946,65,316,458,142,90326.68,79430.06,95.48,124,34460.62,0.76,64884,9588,0.1478,0.0987,56.3,38,8.7
1/28/2025,Southeast,SO04,LOYALTY_Q1,Loyalty Rewards,Social,Mobile,Lapsed,8907.65,4101.38,13009.03,660,640,20,360,460,100,62462.52,49453.49,97.6,114,20322.7,0.6,18106,548,0.0303,1.1679,96.31,23,8.7
1/28/2025,Midwest,MI05,INC_Q1_BONUS,Winter Shopper Incentive,Social,Mobile,Lapsed,2045.2,12960.84,15006.04,1044,916,128,472,446,-26,56723.23,41717.19,61.92,161,10063.94,0.24,26009,2194,0.0844,0.4175,102.5,31,7.8
1/28/2025,Southeast,SO05,NEW_USER_Q1,New User Acquisition,Social,Mobile,Lapsed,2490.12,1425.56,3915.68,1064,971,93,349,311,-38,98625.37,94709.69,101.57,322,58668.82,0.65,12748,332,0.026,2.9247,116.09,11,7.1
1/28/2025,Midwest,MI03,CUST_RET_Q1,Customer Retargeting,Paid Search,Desktop,New,7675.72,13623.15,21298.87,130,119,11,489,531,42,2675.23,-18623.64,22.48,25,7487.26,0.31,51513,5283,0.1026,0.0225,33.96,6,6.9
1/28/2025,Southeast,SO04,LOYALTY_Q1,Loyalty Rewards,Email,Mobile,New,1767.29,10609.21,12376.5,1203,1175,28,252,317,65,48819.13,36442.63,41.55,262,66992.18,0.52,57105,2031,0.0356,0.5785,84.89,6,8.4
1/28/2025,Southeast,SO04,NEW_USER_Q1,New User Acquisition,Email,Desktop,Returning,3983.73,9704.04,13687.77,1551,1357,194,430,564,134,118523.2,104835.43,87.34,386,85081.7,0.32,44755,2390,0.0534,0.5678,77.51,76,6.6
1/28/2025,Northeast,NO04,LOYALTY_Q1,Loyalty Rewards,Social,Desktop,New,3885.97,9415.08,13301.05,1789,1650,139,168,316,148,190392.69,177091.64,115.39,272,44600.02,0.77,85042,5564,0.0654,0.2965,94.65,26,6.9
1/28/2025,West,WE04,LOYALTY_Q1,Loyalty Rewards,Paid Search,Desktop,Returning,980.71,13495.16,14475.87,629,627,2,269,353,84,46803.47,32327.6,74.65,149,43814.61,0.49,98816,13954,0.1412,0.0449,82.76,8,7.4
1/29/2025,Midwest,MI04,CUST_RET_Q1,Customer Retargeting,Email,Mobile,Returning,2210.1,2239.78,4449.88,1284,1189,95,255,216,-39,41418.01,36968.13,34.83,190,32295.11,0.61,66661,9549,0.1432,0.1245,87.52,56,7.7
1/29/2025,Southeast,SO03,INC_Q1_BONUS,Winter Shopper Incentive,Paid Search,Desktop,Returning,5703.95,14705.41,20409.36,780,749,31,474,600,126,40934.66,20525.3,54.65,213,14592.75,0.56,23625,1833,0.0776,0.4086,54.17,23,8
1/29/2025,Northeast,NO03,CUST_RET_Q1,Customer Retargeting,Email,Mobile,Lapsed,4611.33,9339.52,13950.85,1652,1533,119,479,604,125,120589.45,106638.6,78.66,141,14127.18,0.39,72947,9192,0.126,0.1668,100.51,52,6.6
1/29/2025,Midwest,MI01,INC_Q1_BONUS,Winter Shopper Incentive,Referral,Desktop,New,7910.8,11797.15,19707.95,429,395,34,372,432,60,14843.46,-4864.49,37.58,98,17197.42,0.56,65610,1694,0.0258,0.2332,98.17,0,6.5
1/29/2025,Midwest,MI01,CUST_RET_Q1,Customer Retargeting,Paid Search,Mobile,Lapsed,9330.3,3414.25,12744.55,839,790,49,281,425,144,23198.94,10454.39,29.37,368,43450.28,0.3,51624,4632,0.0897,0.1706,96.45,30,6.8
1/29/2025,Southeast,SO05,INC_Q1_BONUS,Winter Shopper Incentive,Paid Search,Mobile,New,3675.05,1360.39,5035.44,566,534,32,479,591,112,34034.36,28998.92,63.73,147,24089.69,0.22,42787,2145,0.0501,0.249,56.43,22,7
1/29/2025,Northeast,NO03,LOYALTY_Q1,Loyalty Rewards,Social,Mobile,New,2794.31,8136.12,10930.43,1673,1553,120,245,238,-7,85457.3,74526.87,55.03,224,53831.43,0.77,82147,4480,0.0545,0.3467,44.94,40,6.4
1/29/2025,West,WE04,LOYALTY_Q1,Loyalty Rewards,Email,Desktop,Lapsed,9063.18,2258.3,11321.48,1935,1780,155,199,222,23,97113.4,85791.92,54.56,408,54342.6,0.43,80491,12036,0.1495,0.1479,63.77,33,8.6
1/29/2025,West,WE03,LOYALTY_Q1,Loyalty Rewards,Paid Search,Mobile,New,4620.95,9305.8,13926.75,1629,1447,182,71,97,26,73969.55,60042.8,51.12,337,84728.94,0.3,84583,11788,0.1394,0.1228,117.25,39,8.4
1/29/2025,West,WE05,LOYALTY_Q1,Loyalty Rewards,Paid Search,Desktop,Lapsed,4911.52,8225.74,13137.26,289,281,8,364,353,-11,23976.55,10839.29,85.33,498,134369.44,0.67,58558,5295,0.0904,0.0531,58.37,11,6.6
1/29/2025,Midwest,MI04,LOYALTY_Q1,Loyalty Rewards,Social,Desktop,Returning,3708.68,2003.11,5711.79,769,758,11,405,375,-30,67278.75,61566.96,88.76,409,98244.97,0.49,14582,2089,0.1433,0.3629,116.27,15,6.4
1/29/2025,Northeast,NO05,NEW_USER_Q1,New User Acquisition,Email,Mobile,Lapsed,5488.33,8748.23,14236.56,1911,1757,154,261,218,-43,115577.86,101341.3,65.78,51,15033.33,0.68,18423,228,0.0124,7.7061,119.46,5,7.4
1/30/2025,Northeast,NO05,LOYALTY_Q1,Loyalty Rewards,Referral,Mobile,Returning,3293.42,10996.83,14290.25,1109,1029,80,162,225,63,71722.53,57432.28,69.7,444,39431.67,0.31,13342,1900,0.1424,0.5416,63.6,9,8.7
1/30/2025,Northeast,NO04,NEW_USER_Q1,New User Acquisition,Email,Desktop,Lapsed,8098.62,6952.99,15051.61,1238,1147,91,58,47,-11,103097.62,88046.01,89.88,290,33196.86,0.28,52693,7788,0.1478,0.1473,77.31,44,8.1
1/30/2025,West,WE02,INC_Q1_BONUS,Winter Shopper Incentive,Referral,Mobile,New,7730.65,3241,10971.65,461,430,31,121,199,78,40493.62,29521.97,94.17,12,3575.43,0.26,22727,3026,0.1331,0.1421,89.18,9,8.2
1/30/2025,Midwest,MI01,INC_Q1_BONUS,Winter Shopper Incentive,Paid Search,Mobile,Lapsed,3899.23,10069.44,13968.67,825,724,101,232,204,-28,77245.98,63277.31,106.69,83,16306.69,0.57,26235,2769,0.1055,0.2615,51.77,27,6.7
1/30/2025,Northeast,NO02,LOYALTY_Q1,Loyalty Rewards,Social,Desktop,New,674.67,7496.93,8171.6,397,351,46,382,436,54,29913.46,21741.86,85.22,312,20275.58,0.28,41469,1123,0.0271,0.3126,93.12,8,9
1/30/2025,Southeast,SO03,NEW_USER_Q1,New User Acquisition,Social,Desktop,Lapsed,8176.64,5490.14,13666.78,1898,1828,70,242,259,17,217922.39,204255.61,119.21,61,16209.57,0.36,63894,4248,0.0665,0.4303,51.13,50,6.1
1/30/2025,Northeast,NO03,CUST_RET_Q1,Customer Retargeting,Email,Desktop,New,1290.62,13081.43,14372.05,602,550,52,125,129,4,12672.87,-1699.18,23.04,205,55234.66,0.32,78654,2531,0.0322,0.2173,35.6,22,8.9
1/30/2025,Northeast,NO04,NEW_USER_Q1,New User Acquisition,Email,Desktop,New,8945.62,3248.87,12194.49,817,778,39,328,325,-3,72857.61,60663.12,93.65,175,13405.51,0.69,97472,5798,0.0595,0.1342,58.41,11,8.8
1/30/2025,Southeast,SO03,LOYALTY_Q1,Loyalty Rewards,Paid Search,Desktop,Lapsed,9746.98,12067.95,21814.93,820,755,65,313,265,-48,50444.72,28629.79,66.81,93,13015.93,0.52,34725,4994,0.1438,0.1512,77.82,32,8.9
1/30/2025,Southeast,SO01,NEW_USER_Q1,New User Acquisition,Social,Mobile,Lapsed,5252.2,3248.44,8500.64,342,317,25,94,158,64,8453.83,-46.81,26.67,186,21294.19,0.49,11411,1237,0.1084,0.2563,56.23,11,6.3
1/30/2025,Southeast,SO02,CUST_RET_Q1,Customer Retargeting,Social,Mobile,Returning,5074.62,8439.49,13514.11,1484,1276,208,387,355,-32,147484.01,133969.9,115.58,412,73581.47,0.55,53182,6429,0.1209,0.1985,74.53,3,7.2
1/30/2025,West,WE03,NEW_USER_Q1,New User Acquisition,Social,Desktop,Lapsed,3286.88,12467.82,15754.7,636,546,90,144,279,135,17229.4,1474.7,31.56,470,77359.3,0.37,86856,5038,0.058,0.1084,67.65,17,6.8
1/30/2025,Southeast,SO04,INC_Q1_BONUS,Winter Shopper Incentive,Paid Search,Desktop,Lapsed,617.69,6591.53,7209.22,173,147,26,131,105,-26,17141.63,9932.41,116.61,414,35223.48,0.55,68807,1345,0.0195,0.1093,54.53,2,6.3
1/30/2025,Midwest,MI03,LOYALTY_Q1,Loyalty Rewards,Referral,Mobile,New,6568.02,12858.66,19426.68,1939,1728,211,453,594,141,131952.95,112526.27,76.36,40,10668.74,0.77,3669,361,0.0984,4.7867,51.79,43,6.8
1/30/2025,West,WE04,NEW_USER_Q1,New User Acquisition,Email,Desktop,Lapsed,2160.95,5740.2,7901.15,795,755,40,417,418,1,33701.04,25799.89,44.64,142,35435.06,0.67,92876,3730,0.0402,0.2024,83.43,20,6.6
1/31/2025,West,WE05,NEW_USER_Q1,New User Acquisition,Email,Desktop,New,5889.47,4591.88,10481.35,135,123,12,423,379,-44,12493.71,2012.36,101.57,181,11014.42,0.58,77666,804,0.0104,0.153,87.42,4,8.7
1/31/2025,Northeast,NO02,INC_Q1_BONUS,Winter Shopper Incentive,Paid Search,Mobile,Returning,1099.73,6554.57,7654.3,485,417,68,138,143,5,30443.6,22789.3,73.01,349,54286.27,0.67,15626,2114,0.1353,0.1973,106.79,16,6.4
1/31/2025,Southeast,SO04,NEW_USER_Q1,New User Acquisition,Paid Search,Desktop,New,5818.06,8281.62,14099.68,856,840,16,203,188,-15,26278.61,12178.93,31.28,37,9311.84,0.23,46771,3282,0.0702,0.2559,55.85,41,6
1/31/2025,Northeast,NO01,LOYALTY_Q1,Loyalty Rewards,Referral,Desktop,Lapsed,4072.4,14196.54,18268.94,917,849,68,468,546,78,71512.94,53244,84.23,73,9862.02,0.49,63223,1487,0.0235,0.5709,115.66,44,8.9
1/31/2025,West,WE03,INC_Q1_BONUS,Winter Shopper Incentive,Email,Mobile,Lapsed,3464.01,13737.53,17201.54,246,231,15,212,321,109,15689.9,-1511.64,67.92,56,3267.85,0.69,21600,1980,0.0917,0.1167,115.31,12,8.7
1/31/2025,Northeast,NO05,CUST_RET_Q1,Customer Retargeting,Referral,Mobile,New,1513.78,13924.92,15438.7,196,183,13,420,469,49,19464.3,4025.6,106.36,64,7947.48,0.55,26727,1887,0.0706,0.097,47.28,4,7.8
1/31/2025,West,WE01,INC_Q1_BONUS,Winter Shopper Incentive,Email,Desktop,Returning,853.22,6052.13,6905.35,743,716,27,327,407,80,31797.17,24891.82,44.41,440,31619.4,0.53,22952,1352,0.0589,0.5296,112.96,15,6.7
1/31/2025,West,WE03,INC_Q1_BONUS,Winter Shopper Incentive,Email,Desktop,Lapsed,6332.01,5363.12,11695.13,592,557,35,199,171,-28,25281.34,13586.21,45.39,408,95168.47,0.36,21860,1888,0.0864,0.295,43.25,23,7.3
1/31/2025,Midwest,MI04,LOYALTY_Q1,Loyalty Rewards,Email,Desktop,Returning,3437.86,13400.47,16838.33,1307,1285,22,364,491,127,42862.24,26023.91,33.36,485,88934.42,0.7,67535,4690,0.0694,0.274,31.6,53,6.3
1/31/2025,Midwest,MI01,LOYALTY_Q1,Loyalty Rewards,Referral,Desktop,Returning,6497.25,2395.26,8892.51,1340,1202,138,228,367,139,118886.69,109994.18,98.91,179,17271.85,0.75,87062,5938,0.0682,0.2024,43.39,42,6.8
1/31/2025,West,WE05,INC_Q1_BONUS,Winter Shopper Incentive,Paid Search,Desktop,Returning,9321.76,14662.51,23984.27,611,533,78,236,225,-11,57729.99,33745.72,108.31,176,44273.22,0.73,5271,703,0.1334,0.7582,51.99,7,6.3
2/1/2025,West,WE05,NEW_USER_Q1,New User Acquisition,Referral,Desktop,Returning,5946.99,2799,8745.99,1056,984,72,150,111,-39,57672.5,48926.51,58.61,426,90683.13,0.32,21764,428,0.0197,2.2991,39.07,1,6.1
2/1/2025,Southeast,SO03,CUST_RET_Q1,Customer Retargeting,Paid Search,Desktop,New,4920.7,1191.55,6112.25,1987,1929,58,225,194,-31,131695.43,125583.18,68.27,75,11744.97,0.53,64477,3316,0.0514,0.5817,89.74,77,7.2
2/1/2025,Northeast,NO02,INC_Q1_BONUS,Winter Shopper Incentive,Paid Search,Mobile,Lapsed,9038.48,8743.57,17782.05,1634,1523,111,327,470,143,122926.7,105144.65,80.71,228,25097.05,0.26,33467,981,0.0293,1.5525,37.29,38,9
2/1/2025,Northeast,NO02,CUST_RET_Q1,Customer Retargeting,Paid Search,Mobile,New,5381.73,12153.03,17534.76,1488,1445,43,370,496,126,137361.48,119826.72,95.06,19,2189.03,0.21,55205,1959,0.0355,0.7376,76.16,45,6.2
2/1/2025,Southeast,SO01,INC_Q1_BONUS,Winter Shopper Incentive,Email,Mobile,New,8810.06,11324.04,20134.1,1028,946,82,195,153,-42,44597.36,24463.26,47.14,38,7915.2,0.63,49270,2670,0.0542,0.3543,101.22,14,7.1
2/1/2025,Southeast,SO05,INC_Q1_BONUS,Winter Shopper Incentive,Social,Mobile,Returning,3527.62,7279.6,10807.22,1291,1152,139,65,105,40,63935.43,53128.21,55.5,262,29884.7,0.43,38594,3969,0.1028,0.2902,60.75,20,7.3
2/1/2025,Southeast,SO05,CUST_RET_Q1,Customer Retargeting,Social,Desktop,New,1401.27,14955.88,16357.15,1133,1080,53,339,477,138,61826.65,45469.5,57.25,49,8874.51,0.79,20014,1220,0.061,0.8852,106.71,22,7.8
2/2/2025,Northeast,NO05,NEW_USER_Q1,New User Acquisition,Social,Desktop,New,4603.48,5077.21,9680.69,1182,1075,107,237,201,-36,70527.52,60846.83,65.61,184,37645.76,0.43,67803,6301,0.0929,0.1706,34.18,50,8
2/2/2025,Northeast,NO01,INC_Q1_BONUS,Winter Shopper Incentive,Referral,Mobile,Lapsed,6545.16,4506.47,11051.63,1793,1785,8,414,414,0,194930.31,183878.68,109.2,292,46310.79,0.41,98888,8975,0.0908,0.1989,74.33,68,6.7
2/2/2025,Midwest,MI05,LOYALTY_Q1,Loyalty Rewards,Email,Desktop,Lapsed,3289.12,12331.06,15620.18,1990,1767,223,457,419,-38,49757.69,34137.51,28.16,400,70151.63,0.68,3368,67,0.0199,26.3731,65.71,13,8.7
2/2/2025,Southeast,SO03,NEW_USER_Q1,New User Acquisition,Social,Mobile,Lapsed,956.56,14288.04,15244.6,1223,1047,176,272,359,87,86467.53,71222.93,82.59,451,79042.25,0.52,17364,569,0.0328,1.8401,36.35,54,8.8
2/2/2025,Southeast,SO01,NEW_USER_Q1,New User Acquisition,Social,Desktop,Returning,5711.73,8684.91,14396.64,997,895,102,179,212,33,40690.34,26293.7,45.46,110,5574.55,0.27,94070,7151,0.076,0.1252,67.07,29,6.3
2/2/2025,Midwest,MI03,INC_Q1_BONUS,Winter Shopper Incentive,Referral,Desktop,Returning,2013.39,1883.53,3896.92,1927,1725,202,163,178,15,100206.89,96309.97,58.09,267,75891.93,0.53,56114,7044,0.1255,0.2449,55.17,25,7.8
2/2/2025,Midwest,MI02,CUST_RET_Q1,Customer Retargeting,Referral,Desktop,Returning,6021.36,4550.9,10572.26,222,191,31,198,251,53,6260.5,-4311.76,32.78,240,12974.61,0.64,59255,8081,0.1364,0.0236,105.35,6,6.4
2/2/2025,Southeast,SO01,INC_Q1_BONUS,Winter Shopper Incentive,Referral,Mobile,Lapsed,5795.54,4584.3,10379.84,376,366,10,272,247,-25,23319.62,12939.78,63.71,236,51741.63,0.5,15318,776,0.0507,0.4716,118.54,18,9
2/2/2025,Midwest,MI01,LOYALTY_Q1,Loyalty Rewards,Email,Desktop,Returning,529.66,5249.14,5778.8,562,544,18,94,123,29,58453.09,52674.29,107.45,54,11840.87,0.32,15263,1941,0.1272,0.2803,37.1,19,6.8
2/2/2025,West,WE04,INC_Q1_BONUS,Winter Shopper Incentive,Paid Search,Desktop,New,2905.83,14378.7,17284.53,1481,1303,178,408,447,39,80013.04,62728.51,61.41,425,53198.21,0.53,98425,10796,0.1097,0.1207,82.2,23,7
2/2/2025,Midwest,MI05,CUST_RET_Q1,Customer Retargeting,Social,Desktop,Returning,8276.15,6127.54,14403.69,1417,1376,41,454,495,41,161074.57,146670.88,117.06,15,2637.11,0.48,70506,6543,0.0928,0.2103,86.97,65,7.5
2/2/2025,Northeast,NO04,NEW_USER_Q1,New User Acquisition,Referral,Mobile,Lapsed,8512.22,14185.5,22697.72,478,465,13,430,455,25,10814.89,-11882.83,23.26,185,50774.69,0.29,67231,3677,0.0547,0.1265,43,17,8.8
2/3/2025,Northeast,NO04,NEW_USER_Q1,New User Acquisition,Email,Desktop,Lapsed,6879.95,8284.31,15164.26,217,211,6,355,316,-39,21445.74,6281.48,101.64,245,46607.45,0.73,43808,4056,0.0926,0.052,73.2,6,8.3
2/3/2025,Northeast,NO01,INC_Q1_BONUS,Winter Shopper Incentive,Paid Search,Mobile,Lapsed,1983.45,11023.61,13007.06,1472,1341,131,362,378,16,57807.13,44800.07,43.11,452,79722.39,0.56,32480,3962,0.122,0.3385,46.07,7,6.3
2/3/2025,Northeast,NO05,LOYALTY_Q1,Loyalty Rewards,Email,Desktop,New,6332.37,1933.13,8265.5,955,938,17,118,227,109,111460.22,103194.72,118.83,96,21125.47,0.23,61920,7087,0.1145,0.1324,89.31,23,6.3
2/3/2025,Northeast,NO03,NEW_USER_Q1,New User Acquisition,Referral,Desktop,Returning,4561.15,3271.27,7832.42,1918,1827,91,180,226,46,41904.83,34072.41,22.94,413,112569.14,0.25,89708,13122,0.1463,0.1392,60.32,8,8.5
2/3/2025,Southeast,SO02,NEW_USER_Q1,New User Acquisition,Referral,Desktop,Returning,977.15,2020.63,2997.78,1136,1079,57,464,447,-17,51900.39,48902.61,48.1,401,49374.64,0.29,59394,777,0.0131,1.3887,82.49,38,6.7
2/3/2025,West,WE05,LOYALTY_Q1,Loyalty Rewards,Social,Mobile,Lapsed,768.17,12972.31,13740.48,858,766,92,452,468,16,48246.1,34505.62,62.98,338,31669.33,0.59,7794,393,0.0504,1.9491,73.17,0,8
2/3/2025,West,WE02,NEW_USER_Q1,New User Acquisition,Paid Search,Mobile,Lapsed,3824.01,8718.44,12542.45,1357,1352,5,384,419,35,84281.89,71739.44,62.34,189,19041.45,0.47,50272,2784,0.0554,0.4856,39.99,31,6.8
2/3/2025,West,WE05,CUST_RET_Q1,Customer Retargeting,Paid Search,Mobile,New,8364.37,1316.46,9680.83,663,583,80,57,119,62,38917.81,29236.98,66.75,254,70066.39,0.26,96424,12442,0.129,0.0469,93.57,25,8.2
2/3/2025,Northeast,NO01,CUST_RET_Q1,Customer Retargeting,Email,Mobile,Lapsed,1747.57,12468.3,14215.87,1542,1386,156,223,356,133,113380,99164.13,81.8,480,76796.85,0.48,28617,707,0.0247,1.9604,99.21,6,8.4
2/3/2025,West,WE02,CUST_RET_Q1,Customer Retargeting,Email,Mobile,Lapsed,7778.16,1956.87,9735.03,1801,1756,45,161,267,106,197319.85,187584.82,112.37,362,33002.66,0.54,17007,545,0.032,3.222,83.13,58,7.2
2/3/2025,Southeast,SO01,LOYALTY_Q1,Loyalty Rewards,Email,Mobile,Returning,3076.19,14266.44,17342.63,1916,1662,254,221,195,-26,49547.36,32204.73,29.81,199,42461.07,0.37,18167,908,0.05,1.8304,107.83,19,6.8
2/3/2025,West,WE05,INC_Q1_BONUS,Winter Shopper Incentive,Paid Search,Mobile,Returning,2972.69,7658.08,10630.77,330,285,45,400,548,148,24907.42,14276.65,87.39,121,17112.9,0.64,66470,8366,0.1259,0.0341,68.49,8,8.9
2/3/2025,West,WE02,NEW_USER_Q1,New User Acquisition,Referral,Mobile,Lapsed,9436.13,11661.58,21097.71,883,807,76,249,208,-41,79402.06,58304.35,98.39,403,20742.37,0.43,12447,1372,0.1102,0.5882,39.85,22,8.6
2/3/2025,Northeast,NO01,NEW_USER_Q1,New User Acquisition,Paid Search,Mobile,New,6929,8580.08,15509.08,1745,1692,53,145,213,68,65674.7,50165.62,38.81,367,51129.61,0.73,72404,7372,0.1018,0.2295,113.27,3,6.3
2/4/2025,West,WE02,LOYALTY_Q1,Loyalty Rewards,Paid Search,Desktop,New,8526.32,1325.81,9852.13,517,459,58,440,585,145,40983.67,31131.54,89.29,123,25489.99,0.73,34496,4225,0.1225,0.1086,55.38,9,7.3
2/4/2025,Midwest,MI02,CUST_RET_Q1,Customer Retargeting,Paid Search,Desktop,Lapsed,2433.99,12766.33,15200.32,1940,1901,39,208,343,135,179208.51,164008.19,94.27,413,85569.97,0.64,40443,3262,0.0807,0.5828,78.9,50,7.7
2/4/2025,Northeast,NO02,INC_Q1_BONUS,Winter Shopper Incentive,Paid Search,Mobile,Lapsed,5392.55,8497.75,13890.3,376,361,15,427,428,1,38722.15,24831.85,107.26,246,31229.44,0.75,49516,2760,0.0557,0.1308,61.9,9,6.8
2/4/2025,Northeast,NO03,CUST_RET_Q1,Customer Retargeting,Email,Mobile,New,7945.51,8926.53,16872.04,607,575,32,340,375,35,12326.93,-4545.11,21.44,471,131480.04,0.62,66206,8421,0.1272,0.0683,85.76,2,8.8
2/4/2025,Northeast,NO04,INC_Q1_BONUS,Winter Shopper Incentive,Paid Search,Desktop,Lapsed,9518.09,13314.42,22832.51,1867,1622,245,114,197,83,90092.26,67259.75,55.54,73,16988.55,0.62,2375,142,0.0598,11.4225,83.44,86,6.7
2/4/2025,Northeast,NO01,CUST_RET_Q1,Customer Retargeting,Referral,Desktop,New,2100.19,11646.5,13746.69,221,193,28,203,302,99,17485.61,3738.92,90.6,72,16280.89,0.47,98123,6339,0.0646,0.0304,47.51,7,7.1
2/5/2025,Southeast,SO05,INC_Q1_BONUS,Winter Shopper Incentive,Email,Mobile,New,8764.02,8263.73,17027.75,1035,974,61,480,482,2,52128.21,35100.46,53.52,445,109891.63,0.56,41738,2744,0.0657,0.355,78.37,10,8.8
2/5/2025,Southeast,SO02,INC_Q1_BONUS,Winter Shopper Incentive,Paid Search,Desktop,Returning,6178.37,12101.39,18279.76,394,351,43,420,555,135,39043.95,20764.19,111.24,277,40431.42,0.48,85878,3693,0.043,0.095,99.84,3,8.7
2/5/2025,West,WE03,INC_Q1_BONUS,Winter Shopper Incentive,Paid Search,Mobile,New,4514.98,5241.03,9756.01,801,779,22,161,265,104,36725.07,26969.06,47.14,194,27690.64,0.74,97117,6487,0.0668,0.1201,49.84,21,7.2
2/5/2025,Midwest,MI05,CUST_RET_Q1,Customer Retargeting,Email,Desktop,Lapsed,5927.66,9504.6,15432.26,1840,1633,207,75,218,143,118813.75,103381.49,72.76,247,66428.34,0.65,26762,1426,0.0533,1.1452,92.47,57,7.2
2/5/2025,West,WE05,LOYALTY_Q1,Loyalty Rewards,Email,Mobile,New,4888.29,12827.08,17715.37,819,738,81,133,159,26,88315.23,70599.86,119.67,494,28842.92,0.54,15439,260,0.0168,2.8385,32.8,3,7.4
2/5/2025,Southeast,SO02,NEW_USER_Q1,New User Acquisition,Referral,Mobile,Returning,8340.55,12421.49,20762.04,1171,1144,27,85,191,106,92772.28,72010.24,81.09,53,8842.48,0.58,87129,7116,0.0817,0.1608,79.4,17,7.7
2/5/2025,Northeast,NO03,NEW_USER_Q1,New User Acquisition,Email,Mobile,Returning,3674.3,2503.06,6177.36,1338,1220,118,155,180,25,140842.62,134665.26,115.44,56,12655.19,0.4,57241,5681,0.0992,0.2148,88.07,41,6.8
2/5/2025,Northeast,NO04,CUST_RET_Q1,Customer Retargeting,Paid Search,Desktop,New,6785.91,5354.58,12140.49,1493,1473,20,179,323,144,151094.22,138953.73,102.58,428,118328.78,0.79,18950,644,0.034,2.2873,99.44,24,6.6
2/5/2025,Northeast,NO01,NEW_USER_Q1,New User Acquisition,Paid Search,Desktop,New,2157.24,5940.29,8097.53,732,690,42,438,535,97,52268.76,44171.23,75.75,23,5288.02,0.21,43738,5014,0.1146,0.1376,70.02,2,7.6
2/5/2025,Northeast,NO04,CUST_RET_Q1,Customer Retargeting,Referral,Mobile,New,3170.95,8298.68,11469.63,1053,896,157,115,144,29,55882.64,44413.01,62.37,134,32457.07,0.63,28924,586,0.0203,1.529,55.55,21,8.5
2/6/2025,West,WE04,CUST_RET_Q1,Customer Retargeting,Social,Desktop,New,8243.02,7973.27,16216.29,133,124,9,202,273,71,11410.51,-4805.78,92.02,126,6646.37,0.28,82182,10876,0.1323,0.0114,83.77,3,7.9
2/6/2025,West,WE05,CUST_RET_Q1,Customer Retargeting,Paid Search,Desktop,Returning,4155.63,7851.27,12006.9,1168,1021,147,153,187,34,93803.31,81796.41,91.87,143,35372.2,0.38,79581,1726,0.0217,0.5915,31.72,42,8.2
2/6/2025,Midwest,MI02,CUST_RET_Q1,Customer Retargeting,Referral,Mobile,Returning,1331.71,4959.22,6290.93,1494,1347,147,354,452,98,156453.02,150162.09,116.15,72,4346.99,0.58,11234,1074,0.0956,1.2542,91.06,27,8.5
2/6/2025,West,WE04,NEW_USER_Q1,New User Acquisition,Referral,Desktop,Returning,3135.91,4942.62,8078.53,157,144,13,107,88,-19,10699.51,2620.98,74.3,237,48744.36,0.79,88225,4317,0.0489,0.0334,42.8,7,7.3
2/6/2025,Southeast,SO03,INC_Q1_BONUS,Winter Shopper Incentive,Paid Search,Desktop,New,9764.21,12664.86,22429.07,1689,1519,170,167,120,-47,90522.86,68093.79,59.59,314,68774.24,0.38,31133,2710,0.087,0.5605,101.1,27,7.7
2/6/2025,Midwest,MI03,CUST_RET_Q1,Customer Retargeting,Email,Mobile,Returning,8474.81,10111.67,18586.48,144,126,18,111,224,113,6273.03,-12313.45,49.79,317,92980.92,0.32,94944,3158,0.0333,0.0399,59.95,1,8.5
2/6/2025,Southeast,SO02,CUST_RET_Q1,Customer Retargeting,Email,Mobile,Returning,3018.58,7048.15,10066.73,1423,1379,44,274,239,-35,41964.77,31898.04,30.43,172,29607.33,0.51,19316,1456,0.0754,0.9471,39.6,52,6.4
2/6/2025,Southeast,SO02,CUST_RET_Q1,Customer Retargeting,Social,Desktop,New,3832,11608.29,15440.29,816,729,87,265,294,29,19383.54,3943.25,26.59,399,20233.5,0.76,84108,5283,0.0628,0.138,89.77,16,6.4
2/6/2025,Northeast,NO02,NEW_USER_Q1,New User Acquisition,Paid Search,Desktop,New,6985.91,10810.62,17796.53,975,885,90,253,374,121,81811.38,64014.85,92.44,130,28135.75,0.33,4065,202,0.0497,4.3812,45.85,7,8.4
2/6/2025,Midwest,MI05,INC_Q1_BONUS,Winter Shopper Incentive,Social,Mobile,Lapsed,902.18,9869.49,10771.67,578,567,11,462,586,124,57107.78,46336.11,100.72,99,10944.35,0.3,74432,3480,0.0468,0.1629,52.93,28,7.5
2/6/2025,West,WE03,CUST_RET_Q1,Customer Retargeting,Referral,Desktop,New,9326.23,13240.15,22566.38,931,921,10,468,613,145,19018.19,-3548.19,20.65,99,20165.58,0.74,49398,3238,0.0655,0.2844,57.3,21,7.6
2/6/2025,Midwest,MI01,INC_Q1_BONUS,Winter Shopper Incentive,Social,Desktop,Returning,6174.82,7614.47,13789.29,473,456,17,336,384,48,18875.38,5086.09,41.39,271,58802.71,0.68,17204,1237,0.0719,0.3686,74.45,1,7.5
2/6/2025,West,WE02,LOYALTY_Q1,Loyalty Rewards,Social,Desktop,Lapsed,2763.49,12915.29,15678.78,195,171,24,184,167,-17,14408.12,-1270.66,84.26,48,12532.87,0.47,4970,474,0.0954,0.3608,95.76,0,8.9
2/7/2025,Northeast,NO02,LOYALTY_Q1,Loyalty Rewards,Paid Search,Desktop,Returning,8496.37,9123.1,17619.47,1609,1477,132,437,499,62,50299.67,32680.2,34.06,334,35778.64,0.79,94762,13736,0.145,0.1075,64.58,26,6.6
2/7/2025,Midwest,MI04,INC_Q1_BONUS,Winter Shopper Incentive,Paid Search,Mobile,Lapsed,4136.45,12748.05,16884.5,439,404,35,228,262,34,9122.7,-7761.8,22.58,145,28052.64,0.54,53719,2055,0.0383,0.1966,53.23,20,6.1
2/7/2025,Northeast,NO05,INC_Q1_BONUS,Winter Shopper Incentive,Email,Desktop,New,3028.03,12664.68,15692.71,697,601,96,101,141,40,50108.62,34415.91,83.38,346,102990.6,0.37,88421,11394,0.1289,0.0527,69.93,28,7.7
2/7/2025,Southeast,SO01,LOYALTY_Q1,Loyalty Rewards,Email,Mobile,New,6944.98,9507.93,16452.91,921,793,128,69,51,-18,59817.78,43364.87,75.43,109,23037.11,0.61,76948,8901,0.1157,0.0891,88.38,15,7.4
2/7/2025,Northeast,NO02,CUST_RET_Q1,Customer Retargeting,Social,Mobile,Lapsed,5616.54,4506.21,10122.75,473,447,26,340,340,0,13255.81,3133.06,29.66,329,30478.59,0.28,47996,2504,0.0522,0.1785,31.67,7,6.3
2/7/2025,Midwest,MI04,LOYALTY_Q1,Loyalty Rewards,Paid Search,Desktop,Returning,6768.23,11096.87,17865.1,859,828,31,454,513,59,76906.48,59041.38,92.88,57,9125.12,0.73,27245,2260,0.083,0.3664,112.93,31,7.9
2/7/2025,Southeast,SO01,LOYALTY_Q1,Loyalty Rewards,Email,Mobile,Lapsed,6633.24,10962.51,17595.75,152,150,2,72,65,-7,8375.51,-9220.24,55.84,156,8262.36,0.28,44827,5473,0.1221,0.0274,70.69,7,8.4
2/7/2025,Southeast,SO04,CUST_RET_Q1,Customer Retargeting,Social,Desktop,Lapsed,2205.52,2742.98,4948.5,151,142,9,490,551,61,7087.45,2138.95,49.91,369,68586.9,0.26,51420,6304,0.1226,0.0225,78.33,1,6.6
2/7/2025,Southeast,SO01,INC_Q1_BONUS,Winter Shopper Incentive,Social,Desktop,New,8516.91,10422.13,18939.04,1015,937,78,407,405,-2,80665.87,61726.83,86.09,177,22042.83,0.29,71831,9130,0.1271,0.1026,103.31,48,6.9
2/7/2025,Northeast,NO02,CUST_RET_Q1,Customer Retargeting,Paid Search,Desktop,Lapsed,3737.25,7549.4,11286.65,448,444,4,389,532,143,17823.94,6537.29,40.14,193,21129.84,0.79,67421,2245,0.0333,0.1978,110.49,17,8.6
2/8/2025,Northeast,NO04,NEW_USER_Q1,New User Acquisition,Email,Desktop,Returning,4268.17,14357.22,18625.39,505,484,21,338,323,-15,35808.39,17183,73.98,476,94614.27,0.23,25058,2344,0.0935,0.2065,60.08,25,7.4
2/8/2025,Midwest,MI03,CUST_RET_Q1,Customer Retargeting,Email,Desktop,New,9039.05,10110.76,19149.81,745,708,37,456,592,136,22018.05,2868.24,31.1,385,55777.15,0.34,87516,7572,0.0865,0.0935,64.24,29,8.4
2/8/2025,Midwest,MI05,NEW_USER_Q1,New User Acquisition,Social,Mobile,Lapsed,2653.56,8936.5,11590.06,1240,1135,105,229,295,66,35918.09,24328.03,31.65,283,56561.88,0.74,27347,3153,0.1153,0.36,111.5,43,6.1
2/8/2025,Northeast,NO02,CUST_RET_Q1,Customer Retargeting,Paid Search,Desktop,Lapsed,4973.75,13849.86,18823.61,998,932,66,324,415,91,58448.75,39625.14,62.71,346,21415.95,0.43,31482,4032,0.1281,0.2312,91.95,1,8
2/8/2025,Midwest,MI01,LOYALTY_Q1,Loyalty Rewards,Paid Search,Mobile,Returning,7509.43,8530.48,16039.91,434,424,10,120,206,86,18877.75,2837.84,44.52,108,6486.67,0.34,55681,1980,0.0356,0.2141,36.56,15,8.4
2/8/2025,West,WE03,CUST_RET_Q1,Customer Retargeting,Social,Desktop,Lapsed,2828.95,11525.67,14354.62,344,332,12,339,467,128,27152.92,12798.3,81.79,147,42278.74,0.63,37870,3638,0.0961,0.0913,104.01,4,6.7
2/9/2025,Northeast,NO01,NEW_USER_Q1,New User Acquisition,Paid Search,Mobile,Returning,3550.27,11497.91,15048.18,1893,1798,95,154,297,143,195629.42,180581.24,108.8,470,24690.41,0.58,77917,2041,0.0262,0.8809,43.89,2,8.2
2/9/2025,Southeast,SO05,CUST_RET_Q1,Customer Retargeting,Referral,Mobile,New,2700.19,12884.93,15585.12,1475,1360,115,367,453,86,73826.1,58240.98,54.28,282,25499.47,0.78,62607,6890,0.1101,0.1974,51.62,17,8.7
2/9/2025,West,WE05,CUST_RET_Q1,Customer Retargeting,Paid Search,Mobile,New,5349.37,4623.09,9972.46,1559,1352,207,403,536,133,157718.7,147746.24,116.66,480,71149.12,0.36,82494,9997,0.1212,0.1352,86.27,18,8.8
2/9/2025,West,WE05,CUST_RET_Q1,Customer Retargeting,Paid Search,Mobile,Lapsed,7460.65,9636.39,17097.04,763,665,98,177,231,54,32205.17,15108.13,48.43,157,32818.25,0.47,58745,8785,0.1495,0.0757,43.83,19,6.8
2/9/2025,Midwest,MI01,LOYALTY_Q1,Loyalty Rewards,Referral,Desktop,New,3579.28,14683.92,18263.2,1714,1524,190,488,456,-32,108166.98,89903.78,70.98,38,11383.11,0.73,65791,4006,0.0609,0.3804,87.69,40,6.5
2/9/2025,Southeast,SO01,NEW_USER_Q1,New User Acquisition,Social,Desktop,New,692.66,7711.82,8404.48,289,276,13,96,50,-46,6633.11,-1771.37,24.03,309,74488.75,0.8,8887,609,0.0685,0.4532,75.77,9,9
2/9/2025,West,WE03,NEW_USER_Q1,New User Acquisition,Social,Mobile,Returning,1351.33,2771.87,4123.2,1153,1112,41,436,575,139,30135.95,26012.75,27.1,39,2250.14,0.65,22797,2951,0.1294,0.3768,65.83,28,7.8
2/9/2025,Northeast,NO03,LOYALTY_Q1,Loyalty Rewards,Referral,Mobile,Lapsed,5927.96,4552.21,10480.17,937,889,48,396,353,-43,93275.58,82795.41,104.92,493,98154.5,0.7,64303,8985,0.1397,0.0989,92.88,18,8.7
2/9/2025,West,WE04,INC_Q1_BONUS,Winter Shopper Incentive,Social,Mobile,New,2554.56,7914.92,10469.48,1529,1306,223,255,282,27,58560.6,48091.12,44.84,107,24204.05,0.39,15671,489,0.0312,2.6708,53.22,23,7.7
2/10/2025,Northeast,NO05,INC_Q1_BONUS,Winter Shopper Incentive,Email,Mobile,Returning,1406.4,6191.46,7597.86,1697,1525,172,148,269,121,127727.51,120129.65,83.76,484,92110.45,0.43,9110,1000,0.1098,1.525,98.47,13,7.5
2/10/2025,Northeast,NO01,CUST_RET_Q1,Customer Retargeting,Referral,Mobile,Returning,807,4916.69,5723.69,1847,1736,111,289,395,106,57840.94,52117.25,33.32,44,11247.91,0.77,50407,4605,0.0914,0.377,112.73,9,8.8
2/10/2025,Northeast,NO05,INC_Q1_BONUS,Winter Shopper Incentive,Paid Search,Mobile,Lapsed,6605.41,3741.77,10347.18,337,313,24,91,100,9,28041.64,17694.46,89.59,277,25347.88,0.57,12116,1658,0.1368,0.1888,54.92,7,7.5
2/10/2025,West,WE01,NEW_USER_Q1,New User Acquisition,Email,Desktop,Returning,6330.89,7097.08,13427.97,995,898,97,374,431,57,60281.59,46853.62,67.13,280,31778.24,0.22,28516,2984,0.1046,0.3009,59.26,39,6
2/10/2025,Northeast,NO03,CUST_RET_Q1,Customer Retargeting,Referral,Desktop,New,1632.67,10087.28,11719.95,539,463,76,56,82,26,30988.73,19268.78,66.93,192,51253.54,0.42,81659,9731,0.1192,0.0476,100.55,26,8.6
2/10/2025,Midwest,MI01,LOYALTY_Q1,Loyalty Rewards,Referral,Mobile,New,7841.07,3357.39,11198.46,964,822,142,401,383,-18,87612.24,76413.78,106.58,392,77956.94,0.47,88520,12499,0.1412,0.0658,45.03,23,6.3
2/10/2025,Southeast,SO03,NEW_USER_Q1,New User Acquisition,Email,Desktop,Lapsed,6107.41,3686.27,9793.68,353,347,6,346,305,-41,11091.18,1297.5,31.96,333,24932.62,0.69,44200,3015,0.0682,0.1151,57.48,6,7.7
2/10/2025,Southeast,SO04,LOYALTY_Q1,Loyalty Rewards,Social,Mobile,Returning,8412.13,1620.86,10032.99,1932,1876,56,221,356,135,192107.9,182074.91,102.4,278,51426.4,0.32,95671,5832,0.061,0.3217,90.03,65,6.8
2/11/2025,Midwest,MI05,CUST_RET_Q1,Customer Retargeting,Social,Mobile,New,8778.88,12251.41,21030.29,1679,1532,147,495,519,24,80329.66,59299.37,52.43,357,49649.58,0.74,31080,1302,0.0419,1.1767,68.44,76,8.6
2/11/2025,Southeast,SO02,NEW_USER_Q1,New User Acquisition,Paid Search,Desktop,New,2704.53,4715.18,7419.71,1010,888,122,457,464,7,38813.12,31393.41,43.71,228,13683.37,0.37,92911,12954,0.1394,0.0686,100.72,12,7.4
2/11/2025,Northeast,NO03,LOYALTY_Q1,Loyalty Rewards,Paid Search,Mobile,Returning,1733.64,10466.74,12200.38,1022,1016,6,379,498,119,39024.69,26824.31,38.41,191,25239.25,0.56,34332,4099,0.1194,0.2479,93.29,22,8.4
2/11/2025,Northeast,NO04,CUST_RET_Q1,Customer Retargeting,Paid Search,Mobile,Lapsed,1190.99,12061.84,13252.83,1009,920,89,91,134,43,44516.79,31263.96,48.39,435,102321.05,0.6,1055,100,0.0948,9.2,64.42,16,7.7
2/11/2025,West,WE01,LOYALTY_Q1,Loyalty Rewards,Referral,Mobile,New,7253.83,5253.3,12507.13,1629,1513,116,222,321,99,75353.71,62846.58,49.8,68,16825.38,0.33,47901,5435,0.1135,0.2784,58.62,59,8.3
2/11/2025,Midwest,MI04,LOYALTY_Q1,Loyalty Rewards,Social,Desktop,New,2312.17,13361.66,15673.83,879,777,102,93,236,143,48596,32922.17,62.54,282,40931.4,0.21,15393,762,0.0495,1.0197,73.33,35,7.8
2/11/2025,Southeast,SO02,LOYALTY_Q1,Loyalty Rewards,Referral,Desktop,New,994.36,4373.44,5367.8,1400,1224,176,478,619,141,129169.74,123801.94,105.53,419,62284.87,0.31,19423,360,0.0185,3.4,114.77,17,6.7
2/12/2025,Northeast,NO03,LOYALTY_Q1,Loyalty Rewards,Email,Desktop,Returning,6074.11,2440.67,8514.78,309,280,29,394,439,45,19401.1,10886.32,69.29,253,58281.66,0.76,56991,4485,0.0787,0.0624,36.8,5,7.7
2/12/2025,Southeast,SO03,INC_Q1_BONUS,Winter Shopper Incentive,Email,Desktop,Returning,1782.3,5146.47,6928.77,389,351,38,435,532,97,34958.37,28029.6,99.6,158,37793.17,0.4,86395,2702,0.0313,0.1299,41.73,0,7.9
2/12/2025,Southeast,SO05,LOYALTY_Q1,Loyalty Rewards,Referral,Mobile,New,6949.04,11464.46,18413.5,1208,1142,66,367,406,39,34636.91,16223.41,30.33,395,32203.96,0.46,52857,4719,0.0893,0.242,91.34,40,8
2/13/2025,Midwest,MI04,INC_Q1_BONUS,Winter Shopper Incentive,Referral,Desktop,Returning,6358.18,12151.52,18509.7,1276,1084,192,322,397,75,95995.28,77485.58,88.56,237,44935.95,0.34,6109,339,0.0555,3.1976,83.12,7,6.9
2/13/2025,Southeast,SO05,INC_Q1_BONUS,Winter Shopper Incentive,Referral,Desktop,New,2772.01,8430.32,11202.33,1079,1005,74,192,173,-19,27698.31,16495.98,27.56,242,24501.36,0.64,61614,1830,0.0297,0.5492,86.02,9,6.9
2/13/2025,Southeast,SO04,CUST_RET_Q1,Customer Retargeting,Paid Search,Desktop,New,1983.91,14837.89,16821.8,1270,1111,159,208,285,77,106842.19,90020.39,96.17,350,93283.89,0.37,1287,124,0.0963,8.9597,67.01,1,7.9
2/13/2025,Midwest,MI05,CUST_RET_Q1,Customer Retargeting,Paid Search,Desktop,Returning,4743.9,2728.3,7472.2,1023,935,88,473,488,15,20765.03,13292.83,22.21,96,10616.49,0.6,82149,2412,0.0294,0.3876,96.44,19,8.2
2/13/2025,Southeast,SO03,INC_Q1_BONUS,Winter Shopper Incentive,Referral,Desktop,Lapsed,888.87,1695.26,2584.13,1174,1128,46,457,457,0,32193.46,29609.33,28.54,209,28072.2,0.31,39968,1723,0.0431,0.6547,73.51,58,8.3
2/13/2025,Southeast,SO03,LOYALTY_Q1,Loyalty Rewards,Referral,Desktop,Lapsed,3927.66,11539.86,15467.52,385,331,54,423,427,4,16545.84,1078.32,49.99,12,2023.6,0.69,55469,6739,0.1215,0.0491,83.59,9,8.4
2/13/2025,Midwest,MI05,CUST_RET_Q1,Customer Retargeting,Referral,Desktop,Lapsed,3361.7,7487.47,10849.17,1573,1377,196,238,253,15,154419.44,143570.27,112.14,429,38425.86,0.61,62160,8360,0.1345,0.1647,76.75,41,8.2
2/13/2025,Northeast,NO05,CUST_RET_Q1,Customer Retargeting,Social,Desktop,Returning,7320.4,11399.5,18719.9,1133,989,144,111,145,34,59874.45,41154.55,60.54,332,28594.76,0.28,10745,740,0.0689,1.3365,36.17,26,7.2
2/13/2025,West,WE01,CUST_RET_Q1,Customer Retargeting,Paid Search,Mobile,Lapsed,4449.26,11196.42,15645.68,432,428,4,391,370,-21,19458.03,3812.35,45.46,477,32076.74,0.78,98449,10572,0.1074,0.0405,113.19,8,7.1
2/13/2025,Midwest,MI03,LOYALTY_Q1,Loyalty Rewards,Email,Mobile,Returning,6455.7,3433.18,9888.88,1925,1741,184,248,299,51,131219.99,121331.11,75.37,149,9497.02,0.31,59185,6975,0.1179,0.2496,63.38,40,6
2/13/2025,Southeast,SO03,INC_Q1_BONUS,Winter Shopper Incentive,Referral,Mobile,Lapsed,7967,10960.36,18927.36,211,200,11,471,429,-42,8092.51,-10834.85,40.46,87,13922.84,0.35,49061,2497,0.0509,0.0801,113.79,1,8.3
2/13/2025,Southeast,SO04,LOYALTY_Q1,Loyalty Rewards,Social,Desktop,Lapsed,6765.16,1582.45,8347.61,312,304,8,400,460,60,24363.37,16015.76,80.14,329,53562.46,0.29,78195,8223,0.1052,0.037,53.67,8,7.2
2/14/2025,Midwest,MI03,INC_Q1_BONUS,Winter Shopper Incentive,Paid Search,Desktop,Lapsed,7140.41,3649.1,10789.51,232,227,5,363,343,-20,23286.04,12496.53,102.58,403,102759.65,0.34,43534,1415,0.0325,0.1604,103.62,11,6
2/14/2025,Midwest,MI01,NEW_USER_Q1,New User Acquisition,Paid Search,Desktop,Lapsed,1624.19,6738.67,8362.86,177,170,7,408,494,86,19555.32,11192.46,115.03,334,32103.77,0.42,35865,1188,0.0331,0.1431,93.02,5,6.8
2/14/2025,Southeast,SO05,LOYALTY_Q1,Loyalty Rewards,Email,Desktop,Returning,7353.24,13080.33,20433.57,273,234,39,480,606,126,18808.81,-1624.76,80.38,347,39618.22,0.6,4744,350,0.0738,0.6686,63.21,2,7.8
2/14/2025,Northeast,NO05,INC_Q1_BONUS,Winter Shopper Incentive,Email,Mobile,New,4777.42,14406.13,19183.55,1543,1479,64,95,150,55,138938.48,119754.93,93.94,271,79742.22,0.26,83289,9494,0.114,0.1558,59.43,24,7.3
2/14/2025,Midwest,MI01,CUST_RET_Q1,Customer Retargeting,Email,Mobile,Returning,7764.18,3053.73,10817.91,1013,1004,9,334,409,75,53374.33,42556.42,53.16,346,75199.38,0.34,45414,1216,0.0268,0.8257,58.09,2,6.5
2/14/2025,Northeast,NO01,NEW_USER_Q1,New User Acquisition,Paid Search,Mobile,Lapsed,5109.93,8607.68,13717.61,1190,1043,147,349,458,109,95342.63,81625.02,91.41,241,38792.32,0.31,15260,469,0.0307,2.2239,79.89,14,6.3
2/14/2025,Northeast,NO01,NEW_USER_Q1,New User Acquisition,Referral,Desktop,New,5457.69,2038.47,7496.16,617,611,6,54,190,136,64165.51,56669.35,105.02,186,14766.41,0.79,34927,406,0.0116,1.5049,119.77,4,6.9
2/14/2025,Midwest,MI04,CUST_RET_Q1,Customer Retargeting,Referral,Mobile,Lapsed,3506.77,1498.15,5004.92,1992,1720,272,427,452,25,49265.04,44260.12,28.64,70,5863.17,0.48,44484,5847,0.1314,0.2942,55.88,33,9
2/14/2025,Midwest,MI01,NEW_USER_Q1,New User Acquisition,Social,Desktop,New,6042.51,1861.79,7904.3,795,761,34,367,334,-33,87025.31,79121.01,114.36,112,14246,0.38,2949,352,0.1194,2.1619,61.71,12,8.6
2/14/2025,Northeast,NO03,NEW_USER_Q1,New User Acquisition,Email,Mobile,Returning,7935.19,7374.46,15309.65,694,630,64,331,301,-30,39374.7,24065.05,62.5,139,39894.85,0.24,38958,2988,0.0767,0.2108,59.31,12,6.1
2/14/2025,Northeast,NO05,INC_Q1_BONUS,Winter Shopper Incentive,Social,Desktop,New,5136.92,10968.41,16105.33,415,410,5,298,252,-46,25204.17,9098.84,61.47,173,18897.05,0.67,78975,2236,0.0283,0.1834,90.82,3,7.3
2/14/2025,Midwest,MI03,INC_Q1_BONUS,Winter Shopper Incentive,Social,Mobile,Lapsed,2674.95,2702.72,5377.67,614,610,4,479,444,-35,71150.97,65773.3,116.64,248,47550.64,0.44,96758,7405,0.0765,0.0824,106.91,0,8.4
2/14/2025,Southeast,SO04,LOYALTY_Q1,Loyalty Rewards,Email,Mobile,New,5318.78,14941.84,20260.62,360,359,1,101,99,-2,14371.51,-5889.11,40.03,403,34944.95,0.53,7800,396,0.0508,0.9066,106.91,14,6.6
2/14/2025,Northeast,NO01,NEW_USER_Q1,New User Acquisition,Paid Search,Mobile,Returning,5333.99,2738.62,8072.61,1579,1561,18,75,52,-23,73341,65268.39,46.98,232,66479.46,0.8,68759,8941,0.13,0.1746,80.24,18,6.2
2/14/2025,Midwest,MI05,LOYALTY_Q1,Loyalty Rewards,Email,Desktop,Lapsed,8728.79,13359.28,22088.07,549,477,72,469,531,62,16555.23,-5532.84,34.71,431,29037.21,0.49,42835,479,0.0112,0.9958,49.5,27,7.3
2/15/2025,Northeast,NO02,LOYALTY_Q1,Loyalty Rewards,Email,Desktop,Returning,6372.48,10834.51,17206.99,813,785,28,291,337,46,56340.36,39133.37,71.77,298,80648.74,0.25,89652,1882,0.021,0.4171,65.72,1,8.9
2/15/2025,West,WE01,LOYALTY_Q1,Loyalty Rewards,Email,Mobile,Returning,3876.15,11973.08,15849.23,599,556,43,283,322,39,57822,41972.77,104,21,4965.1,0.32,20873,2425,0.1162,0.2293,91.05,15,6.4
2/15/2025,Southeast,SO05,INC_Q1_BONUS,Winter Shopper Incentive,Referral,Desktop,New,9516.57,8180.63,17697.2,719,663,56,401,420,19,52292.9,34595.7,78.87,259,44769.33,0.51,80063,5746,0.0718,0.1154,84.52,16,8.6
2/15/2025,Northeast,NO04,NEW_USER_Q1,New User Acquisition,Social,Mobile,Returning,7915.28,5250.74,13166.02,1478,1256,222,365,504,139,135070.95,121904.93,107.54,74,12202.31,0.38,31134,559,0.018,2.2469,67.67,8,6.6
2/15/2025,Midwest,MI02,INC_Q1_BONUS,Winter Shopper Incentive,Social,Mobile,Lapsed,8262.47,13054.12,21316.59,1631,1389,242,63,97,34,85840.09,64523.5,61.8,12,1956.13,0.62,11129,1540,0.1384,0.9019,42.06,46,6.3
2/15/2025,Southeast,SO02,INC_Q1_BONUS,Winter Shopper Incentive,Social,Mobile,Lapsed,7319.74,13558.54,20878.28,859,730,129,432,539,107,56227.37,35349.09,77.02,226,32591.21,0.74,40492,597,0.0147,1.2228,103.9,18,7.8
2/15/2025,West,WE04,CUST_RET_Q1,Customer Retargeting,Email,Desktop,New,9758.79,10644.13,20402.92,1599,1456,143,446,397,-49,71403.83,51000.91,49.04,441,59955.37,0.63,39230,3483,0.0888,0.418,52.44,42,6.6
2/15/2025,Northeast,NO04,LOYALTY_Q1,Loyalty Rewards,Referral,Desktop,Returning,6051.34,6174.48,12225.82,1729,1706,23,242,376,134,126875.46,114649.64,74.37,250,37445.73,0.68,75181,5053,0.0672,0.3376,34.73,10,7.6
2/15/2025,Midwest,MI01,CUST_RET_Q1,Customer Retargeting,Social,Mobile,Lapsed,5877.45,1621.63,7499.08,1325,1261,64,329,434,105,133983.75,126484.67,106.25,25,4766.67,0.25,13202,1504,0.1139,0.8384,79.23,56,8.9
2/16/2025,Southeast,SO01,CUST_RET_Q1,Customer Retargeting,Referral,Desktop,Lapsed,3095.97,14312.09,17408.06,847,723,124,70,66,-4,44806.29,27398.23,61.97,452,131590.81,0.66,33196,4904,0.1477,0.1474,66.84,37,6.7
2/16/2025,West,WE03,NEW_USER_Q1,New User Acquisition,Social,Mobile,New,8451.89,4909.87,13361.76,290,261,29,491,593,102,10845.33,-2516.43,41.55,152,15680.49,0.22,94812,6367,0.0672,0.041,98.33,3,8.6
2/16/2025,Northeast,NO01,LOYALTY_Q1,Loyalty Rewards,Social,Desktop,Returning,1642.35,1956.77,3599.12,564,499,65,369,479,110,33371.52,29772.4,66.88,98,25101.1,0.24,12240,636,0.052,0.7846,96.89,3,6.2
2/16/2025,Midwest,MI01,INC_Q1_BONUS,Winter Shopper Incentive,Referral,Desktop,Returning,8642.73,9054.98,17697.71,1805,1742,63,271,382,111,66498.97,48801.26,38.17,400,21755.24,0.38,41992,4764,0.1135,0.3657,50.09,56,7.1
2/16/2025,Midwest,MI01,NEW_USER_Q1,New User Acquisition,Referral,Desktop,Returning,1083.74,12392.13,13475.87,1613,1547,66,386,504,118,58866.17,45390.3,38.05,450,90203.26,0.55,14029,1845,0.1315,0.8385,56.76,52,8
2/16/2025,Southeast,SO02,NEW_USER_Q1,New User Acquisition,Social,Mobile,New,1206.78,12432.06,13638.84,270,239,31,408,510,102,19933.81,6294.97,83.41,154,34907.32,0.74,89571,1173,0.0131,0.2038,30.75,9,6.7
2/16/2025,Southeast,SO04,NEW_USER_Q1,New User Acquisition,Social,Desktop,Lapsed,8474.02,14222.83,22696.85,815,716,99,395,436,41,77517.65,54820.8,108.26,343,36631.65,0.2,40042,955,0.0238,0.7497,98.23,5,7.2
2/16/2025,Northeast,NO05,LOYALTY_Q1,Loyalty Rewards,Social,Mobile,New,2298.67,3961.29,6259.96,747,658,89,485,580,95,72315.76,66055.8,109.9,361,59974.6,0.65,64023,4215,0.0658,0.1561,45.23,20,8.9
2/16/2025,Southeast,SO01,NEW_USER_Q1,New User Acquisition,Email,Desktop,Returning,3206.44,6832.85,10039.29,819,760,59,95,231,136,58266.73,48227.44,76.67,289,55282.25,0.75,28937,3371,0.1165,0.2255,106.57,9,7.7
2/16/2025,Midwest,MI03,LOYALTY_Q1,Loyalty Rewards,Paid Search,Desktop,Returning,5898.16,6577.95,12476.11,694,626,68,190,217,27,73964.49,61488.38,118.15,374,64004.35,0.33,69196,9105,0.1316,0.0688,72.49,6,8
2/16/2025,Midwest,MI02,NEW_USER_Q1,New User Acquisition,Social,Desktop,Returning,6619.95,13854.68,20474.63,451,449,2,87,133,46,18592.4,-1882.23,41.41,160,23935.11,0.39,80766,1364,0.0169,0.3292,42.27,0,8.5
2/17/2025,West,WE03,CUST_RET_Q1,Customer Retargeting,Referral,Mobile,New,914.24,14923.71,15837.95,257,255,2,422,377,-45,14539.05,-1298.9,57.02,242,69760.85,0.4,1301,189,0.1453,1.3492,116.73,0,6.2
2/17/2025,Southeast,SO05,CUST_RET_Q1,Customer Retargeting,Paid Search,Mobile,Lapsed,6177.85,13125.34,19303.19,1188,1030,158,315,317,2,117907.83,98604.64,114.47,159,45277.52,0.2,2813,274,0.0974,3.7591,63.62,44,7.2
2/17/2025,Southeast,SO01,LOYALTY_Q1,Loyalty Rewards,Social,Mobile,New,9863.21,10613.5,20476.71,594,583,11,51,41,-10,57174.77,36698.06,98.07,238,60517.87,0.47,50692,3559,0.0702,0.1638,69.4,2,7.7
2/17/2025,Southeast,SO02,INC_Q1_BONUS,Winter Shopper Incentive,Email,Mobile,New,6117.36,13415.77,19533.13,586,570,16,214,288,74,45375.64,25842.51,79.61,227,55988.61,0.21,9572,1384,0.1446,0.4118,102.65,19,6
2/17/2025,West,WE04,LOYALTY_Q1,Loyalty Rewards,Social,Desktop,New,6472.85,8752.2,15225.05,381,348,33,360,413,53,7929.17,-7295.88,22.78,143,14859.12,0.25,64582,1948,0.0302,0.1786,117.72,11,7.3
2/17/2025,West,WE05,LOYALTY_Q1,Loyalty Rewards,Referral,Desktop,Lapsed,1258.64,11891.78,13150.42,381,356,25,484,543,59,39965.38,26814.96,112.26,246,30625.76,0.21,48606,5352,0.1101,0.0665,85.32,6,8.6
2/17/2025,West,WE04,INC_Q1_BONUS,Winter Shopper Incentive,Referral,Mobile,Returning,2355.1,1594.7,3949.8,509,461,48,72,83,11,23292.19,19342.39,50.53,250,57178.5,0.64,18336,426,0.0232,1.0822,95.89,19,7.7
2/17/2025,Northeast,NO05,INC_Q1_BONUS,Winter Shopper Incentive,Paid Search,Desktop,Returning,6073.02,13733.24,19806.26,282,274,8,214,210,-4,14788.18,-5018.08,53.97,464,51427.89,0.73,54974,4044,0.0736,0.0678,102.11,9,9
2/17/2025,Midwest,MI01,LOYALTY_Q1,Loyalty Rewards,Email,Mobile,Returning,2847.88,1245.92,4093.8,373,365,8,235,199,-36,36718.36,32624.56,100.6,288,84234.64,0.58,76172,4341,0.057,0.0841,77.69,9,6.2
2/17/2025,Northeast,NO04,INC_Q1_BONUS,Winter Shopper Incentive,Paid Search,Desktop,New,5819.66,9269.17,15088.83,967,902,65,493,599,106,52468.29,37379.46,58.17,288,19478.47,0.66,72984,2571,0.0352,0.3508,31.4,41,7.4
2/17/2025,West,WE03,CUST_RET_Q1,Customer Retargeting,Paid Search,Mobile,Lapsed,8012.17,3810.43,11822.6,1244,1075,169,90,136,46,44139.77,32317.17,41.06,177,47607.94,0.51,12226,1516,0.124,0.7091,97.77,28,6.9
2/17/2025,West,WE03,INC_Q1_BONUS,Winter Shopper Incentive,Email,Mobile,Returning,4220.5,12252.65,16473.15,534,487,47,496,573,77,50216.47,33743.32,103.11,447,67066.71,0.74,49359,7364,0.1492,0.0661,45.14,14,8.7
2/18/2025,West,WE02,CUST_RET_Q1,Customer Retargeting,Paid Search,Desktop,New,1912.3,6804.74,8717.04,575,534,41,409,407,-2,26678.42,17961.38,49.96,233,15557.2,0.65,25442,3103,0.122,0.1721,61.44,28,7.9
2/18/2025,Southeast,SO04,INC_Q1_BONUS,Winter Shopper Incentive,Paid Search,Desktop,Lapsed,8517.28,4988.71,13505.99,1930,1872,58,482,623,141,133411.4,119905.41,71.27,372,22728.06,0.37,6463,143,0.0221,13.0909,85.54,87,7.6
2/18/2025,Northeast,NO05,INC_Q1_BONUS,Winter Shopper Incentive,Referral,Desktop,Lapsed,3715.82,1099.29,4815.11,265,259,6,281,256,-25,30568.77,25753.66,118.03,343,80778.43,0.22,82218,8109,0.0986,0.0319,110.91,5,8.3
2/18/2025,Southeast,SO03,INC_Q1_BONUS,Winter Shopper Incentive,Referral,Mobile,Lapsed,2767.79,10657.78,13425.57,820,797,23,457,413,-44,51008.5,37582.93,64,484,46658.09,0.68,43348,1000,0.0231,0.797,73.59,21,6.8
2/18/2025,West,WE02,CUST_RET_Q1,Customer Retargeting,Email,Mobile,Lapsed,7969.82,8598.83,16568.65,856,848,8,358,466,108,24074.94,7506.29,28.39,313,54142.46,0.68,73795,2046,0.0277,0.4145,61.18,5,6.6
2/18/2025,West,WE04,LOYALTY_Q1,Loyalty Rewards,Social,Desktop,Returning,8800.24,12052.37,20852.61,1953,1805,148,329,318,-11,197249.2,176396.59,109.28,440,67962.63,0.54,49821,1499,0.0301,1.2041,89.49,87,7.6
2/18/2025,West,WE03,NEW_USER_Q1,New User Acquisition,Social,Mobile,Returning,2695.94,6518.39,9214.33,959,886,73,372,489,117,102444.56,93230.23,115.63,125,6642.13,0.64,16611,2205,0.1327,0.4018,48.78,12,7
2/18/2025,Midwest,MI05,INC_Q1_BONUS,Winter Shopper Incentive,Email,Mobile,Lapsed,3020.6,1872.78,4893.38,731,714,17,76,202,126,64737.5,59844.12,90.67,32,8840.21,0.62,58911,7451,0.1265,0.0958,37.54,17,6.3
2/19/2025,Southeast,SO04,LOYALTY_Q1,Loyalty Rewards,Email,Desktop,New,4976.1,12502.92,17479.02,1999,1793,206,265,345,80,193612.07,176133.05,107.98,295,27564.92,0.63,86751,1926,0.0222,0.9309,94.72,34,6.4
2/19/2025,Southeast,SO04,LOYALTY_Q1,Loyalty Rewards,Social,Desktop,Lapsed,4405.58,7225.98,11631.56,1089,1030,59,66,211,145,62326.13,50694.57,60.51,306,70072.83,0.56,71134,5651,0.0794,0.1823,30.7,49,7.8
2/19/2025,West,WE03,NEW_USER_Q1,New User Acquisition,Email,Mobile,Lapsed,9195.25,4719.6,13914.85,1661,1460,201,225,253,28,59220.74,45305.89,40.56,392,36137.44,0.78,11737,1241,0.1057,1.1765,47.12,76,6.9
2/19/2025,Northeast,NO01,INC_Q1_BONUS,Winter Shopper Incentive,Paid Search,Desktop,Returning,5781.16,6655.67,12436.83,1468,1455,13,395,519,124,127617.15,115180.32,87.71,279,58157.34,0.47,78198,1157,0.0148,1.2576,74.78,26,8.8
2/19/2025,Southeast,SO05,NEW_USER_Q1,New User Acquisition,Referral,Desktop,New,7022.57,6130.4,13152.97,335,307,28,237,243,6,32651.81,19498.84,106.36,31,7828.47,0.36,10394,1241,0.1194,0.2474,113.77,0,6.8
2/19/2025,Southeast,SO01,INC_Q1_BONUS,Winter Shopper Incentive,Email,Desktop,Lapsed,872.81,14831.76,15704.57,573,502,71,477,553,76,35812.38,20107.81,71.34,138,10549.37,0.37,3674,347,0.0944,1.4467,69.36,2,8.1
2/19/2025,Midwest,MI02,NEW_USER_Q1,New User Acquisition,Email,Mobile,New,1018.13,12790.94,13809.07,1974,1943,31,149,244,95,199837.49,186028.42,102.85,128,6438.52,0.57,94238,5307,0.0563,0.3661,115.92,44,6.2
2/19/2025,Southeast,SO01,CUST_RET_Q1,Customer Retargeting,Email,Desktop,New,8853.57,14127.55,22981.12,1140,987,153,261,389,128,40210.25,17229.13,40.74,300,89664.02,0.21,1693,87,0.0514,11.3448,99.17,38,6.7
2/20/2025,Midwest,MI05,INC_Q1_BONUS,Winter Shopper Incentive,Paid Search,Mobile,Returning,9302.58,7889.63,17192.21,1631,1402,229,118,101,-17,115076.96,97884.75,82.08,459,60674.25,0.58,13015,752,0.0578,1.8644,78.35,22,6.4
2/20/2025,Midwest,MI03,CUST_RET_Q1,Customer Retargeting,Referral,Mobile,New,8667.6,7415.55,16083.15,959,854,105,302,264,-38,86924.45,70841.3,101.79,60,8675.21,0.65,73914,1783,0.0241,0.479,116.57,45,8.3
2/20/2025,West,WE02,LOYALTY_Q1,Loyalty Rewards,Paid Search,Desktop,New,8748.82,5126.01,13874.83,334,287,47,422,509,87,14028.85,154.02,48.88,426,77057.18,0.32,43940,3639,0.0828,0.0789,62.83,5,7.2
2/20/2025,Midwest,MI05,CUST_RET_Q1,Customer Retargeting,Paid Search,Desktop,New,7043.29,10393.94,17437.23,575,541,34,353,465,112,16574.52,-862.71,30.64,376,19329.34,0.31,55567,5516,0.0993,0.0981,56.65,14,7
2/20/2025,Northeast,NO01,CUST_RET_Q1,Customer Retargeting,Paid Search,Desktop,Lapsed,8136.9,3576.57,11713.47,1210,1067,143,445,472,27,127029.75,115316.28,119.05,420,96485.23,0.64,93943,13682,0.1456,0.078,81.59,25,8.5
2/20/2025,West,WE05,CUST_RET_Q1,Customer Retargeting,Paid Search,Desktop,Returning,4751.65,13838.3,18589.95,768,745,23,302,370,68,15179.01,-3410.94,20.37,285,55066.19,0.44,89636,8291,0.0925,0.0899,54.81,4,7.2
2/20/2025,Midwest,MI01,INC_Q1_BONUS,Winter Shopper Incentive,Social,Mobile,Lapsed,9783.79,13088.2,22871.99,1092,1087,5,350,426,76,67167.65,44295.66,61.79,176,50944.05,0.44,68699,2508,0.0365,0.4334,79.31,8,8
2/20/2025,Midwest,MI01,NEW_USER_Q1,New User Acquisition,Paid Search,Mobile,Returning,2849.77,6618.87,9468.64,550,517,33,441,515,74,44204.78,34736.14,85.5,422,119403.11,0.26,25604,1407,0.055,0.3674,39.27,20,7.8
2/20/2025,Southeast,SO02,INC_Q1_BONUS,Winter Shopper Incentive,Paid Search,Mobile,Lapsed,4126.24,6247.63,10373.87,1949,1819,130,66,188,122,171753.92,161380.05,94.42,195,49582.89,0.69,72895,9874,0.1355,0.1842,39.79,26,7.8
2/20/2025,Midwest,MI03,INC_Q1_BONUS,Winter Shopper Incentive,Social,Mobile,Returning,4185.04,9938.39,14123.43,1779,1618,161,113,173,60,71441.63,57318.2,44.15,389,33317.55,0.31,61342,677,0.011,2.39,103.51,86,8.1
2/21/2025,Midwest,MI01,CUST_RET_Q1,Customer Retargeting,Email,Mobile,New,6170.08,7241.66,13411.74,1338,1148,190,137,203,66,91968,78556.26,80.11,161,34248.26,0.23,60735,7685,0.1265,0.1494,49.11,63,9
2/21/2025,Midwest,MI05,INC_Q1_BONUS,Winter Shopper Incentive,Paid Search,Desktop,Lapsed,9398.93,2925.29,12324.22,572,504,68,464,455,-9,23080.26,10756.04,45.79,261,24465.81,0.79,17371,1461,0.0841,0.345,51.77,15,8.9
2/21/2025,Midwest,MI02,LOYALTY_Q1,Loyalty Rewards,Referral,Mobile,New,710.17,5530.54,6240.71,178,173,5,107,82,-25,6209.63,-31.08,35.89,235,70331.06,0.46,7540,977,0.1296,0.1771,77.43,3,8.5
2/21/2025,West,WE01,LOYALTY_Q1,Loyalty Rewards,Email,Mobile,Returning,1890.55,6145.48,8036.03,1515,1396,119,74,102,28,162370.87,154334.84,116.31,453,110613.95,0.27,95299,5113,0.0537,0.273,75.55,17,6.8
2/21/2025,Midwest,MI03,CUST_RET_Q1,Customer Retargeting,Social,Desktop,New,9584.11,2864.03,12448.14,291,281,10,442,560,118,24956.59,12508.45,88.81,69,4768.19,0.37,91353,1404,0.0154,0.2001,111.16,4,8.5
2/21/2025,Midwest,MI03,LOYALTY_Q1,Loyalty Rewards,Email,Mobile,Lapsed,7764.83,10394.77,18159.6,208,206,2,114,144,30,11958.66,-6200.94,58.05,280,49467.09,0.43,74155,4731,0.0638,0.0435,32.27,3,6.4
2/21/2025,Midwest,MI03,NEW_USER_Q1,New User Acquisition,Referral,Desktop,Returning,8053.55,2900.44,10953.99,1026,925,101,283,264,-19,86427.38,75473.39,93.44,76,5702.94,0.36,32362,1246,0.0385,0.7424,53.46,8,7
2/21/2025,Southeast,SO02,LOYALTY_Q1,Loyalty Rewards,Referral,Mobile,Lapsed,2344.22,8512.51,10856.73,1963,1772,191,122,169,47,119180.44,108323.71,67.26,142,22345.4,0.48,99575,6139,0.0617,0.2886,106.92,60,6.7
2/21/2025,West,WE01,CUST_RET_Q1,Customer Retargeting,Social,Desktop,New,601.39,11871.8,12473.19,1194,1159,35,413,553,140,121811.34,109338.15,105.1,396,46666.76,0.71,14833,1256,0.0847,0.9228,34.75,0,6.8
2/21/2025,Northeast,NO04,INC_Q1_BONUS,Winter Shopper Incentive,Social,Desktop,New,3781.88,4634.55,8416.43,1067,1016,51,160,131,-29,111211.14,102794.71,109.46,175,26654.67,0.37,77394,6795,0.0878,0.1495,115.23,26,7.8
2/21/2025,Northeast,NO02,CUST_RET_Q1,Customer Retargeting,Social,Mobile,New,4640.56,7331.84,11972.4,890,822,68,468,470,2,25776.88,13804.48,31.36,195,53420.84,0.23,79047,4734,0.0599,0.1736,59.11,1,7.5
2/21/2025,Northeast,NO02,CUST_RET_Q1,Customer Retargeting,Paid Search,Desktop,Lapsed,2782.16,4923.03,7705.19,151,139,12,77,170,93,5964.72,-1740.47,42.91,409,64845.58,0.28,49738,4351,0.0875,0.0319,85.45,3,7.2
2/21/2025,West,WE03,LOYALTY_Q1,Loyalty Rewards,Paid Search,Desktop,Lapsed,1627.23,8985.42,10612.65,1200,1195,5,206,193,-13,83925.06,73312.41,70.23,349,64729.05,0.25,90622,4495,0.0496,0.2659,51.45,28,6.8
2/21/2025,Southeast,SO05,LOYALTY_Q1,Loyalty Rewards,Email,Mobile,Lapsed,6947.78,7619.26,14567.04,1488,1336,152,320,382,62,135164.94,120597.9,101.17,201,50098.63,0.51,91141,3655,0.0401,0.3655,89.06,15,6.4
2/21/2025,Southeast,SO04,CUST_RET_Q1,Customer Retargeting,Paid Search,Desktop,New,4977.39,2664.2,7641.59,620,537,83,338,371,33,26735.96,19094.37,49.79,115,17191.27,0.6,22966,1657,0.0722,0.3241,35.79,8,7
2/21/2025,Northeast,NO04,LOYALTY_Q1,Loyalty Rewards,Email,Mobile,Lapsed,3088.24,8688.18,11776.42,1752,1530,222,353,395,42,33619.01,21842.59,21.97,119,26607.09,0.7,21547,1208,0.0561,1.2666,37.92,28,7.5
2/21/2025,West,WE05,NEW_USER_Q1,New User Acquisition,Email,Mobile,Returning,2980.13,4901.9,7882.03,1773,1769,4,473,615,142,59328.47,51446.44,33.54,496,133186.75,0.63,4061,529,0.1303,3.344,114.66,35,6.9
2/21/2025,Northeast,NO04,CUST_RET_Q1,Customer Retargeting,Email,Desktop,New,3438.28,3262.23,6700.51,1038,994,44,236,188,-48,37626.17,30925.66,37.85,175,23752.74,0.32,46489,1625,0.035,0.6117,113.2,22,6.6
2/21/2025,Northeast,NO04,INC_Q1_BONUS,Winter Shopper Incentive,Paid Search,Mobile,Returning,6716.74,7825.03,14541.77,846,835,11,118,256,138,73260.84,58719.07,87.74,228,63774.61,0.57,10850,459,0.0423,1.8192,37.74,38,8.6
2/22/2025,West,WE01,NEW_USER_Q1,New User Acquisition,Social,Mobile,New,4478.32,6363.94,10842.26,733,669,64,179,182,3,62754.45,51912.19,93.8,316,22936.62,0.66,54276,3500,0.0645,0.1911,55.98,35,8.2
2/22/2025,Northeast,NO04,INC_Q1_BONUS,Winter Shopper Incentive,Email,Desktop,Returning,1716.91,5735.75,7452.66,1035,972,63,202,210,8,72908.94,65456.28,75.01,482,43823.9,0.36,15291,413,0.027,2.3535,47.77,45,6
2/22/2025,Northeast,NO02,CUST_RET_Q1,Customer Retargeting,Email,Desktop,Returning,5441.61,3000.26,8441.87,1594,1527,67,61,129,68,54761.91,46320.04,35.86,299,24953.67,0.58,47154,2264,0.048,0.6745,66.22,56,6
2/22/2025,Southeast,SO04,INC_Q1_BONUS,Winter Shopper Incentive,Email,Desktop,Returning,8722.84,2439.8,11162.64,509,454,55,355,475,120,52837.57,41674.93,116.38,204,26740.8,0.61,16216,2305,0.1421,0.197,98.92,1,7.7
2/22/2025,Northeast,NO02,NEW_USER_Q1,New User Acquisition,Social,Mobile,New,4162.76,8093.6,12256.36,851,779,72,391,489,98,26240.24,13983.88,33.68,487,137926.64,0.75,95342,4796,0.0503,0.1624,95.22,37,6.1
2/22/2025,Northeast,NO05,NEW_USER_Q1,New User Acquisition,Referral,Mobile,New,1495.94,4751.2,6247.14,427,386,41,224,199,-25,13564.44,7317.3,35.14,235,32994.43,0.44,56206,3447,0.0613,0.112,39.52,13,6.5
2/22/2025,Midwest,MI03,CUST_RET_Q1,Customer Retargeting,Social,Mobile,New,4331.96,10470.61,14802.57,1895,1711,184,198,265,67,100343.74,85541.17,58.65,98,23214.07,0.53,93320,1958,0.021,0.8739,109.31,20,8.9
2/22/2025,West,WE04,LOYALTY_Q1,Loyalty Rewards,Social,Mobile,Lapsed,5546.41,2384.23,7930.64,193,191,2,289,329,40,7836.27,-94.37,41.03,349,94042.18,0.53,89444,5941,0.0664,0.0321,88.42,9,7
2/22/2025,West,WE02,NEW_USER_Q1,New User Acquisition,Email,Mobile,Lapsed,3301.85,1213.71,4515.56,1092,931,161,321,282,-39,23498.97,18983.41,25.24,201,53931.03,0.62,88317,8921,0.101,0.1044,88.83,46,7.2
2/22/2025,Northeast,NO05,NEW_USER_Q1,New User Acquisition,Referral,Mobile,Lapsed,8334.47,4865.66,13200.13,719,614,105,314,454,140,66716.6,53516.47,108.66,484,86457.76,0.26,17191,2184,0.127,0.2811,94.66,11,8.3
2/22/2025,Southeast,SO04,NEW_USER_Q1,New User Acquisition,Referral,Mobile,Returning,9894.32,14286.97,24181.29,1082,1076,6,229,335,106,112410.71,88229.42,104.47,441,24357.76,0.56,79413,9404,0.1184,0.1144,33.04,2,6.2
2/22/2025,Midwest,MI02,INC_Q1_BONUS,Winter Shopper Incentive,Email,Mobile,Returning,5046.55,10787.49,15834.04,379,354,25,283,413,130,14003.2,-1830.84,39.56,460,116984.82,0.54,18443,862,0.0467,0.4107,33.53,16,8.2
2/22/2025,Midwest,MI03,NEW_USER_Q1,New User Acquisition,Email,Mobile,New,9723.11,14264.68,23987.79,1957,1767,190,57,189,132,43239.71,19251.92,24.47,190,56336.33,0.31,18905,2366,0.1252,0.7468,54.42,18,7.6
2/22/2025,Northeast,NO05,CUST_RET_Q1,Customer Retargeting,Social,Desktop,Returning,4681.41,8174,12855.41,1533,1424,109,331,364,33,141994.89,129139.48,99.72,385,52886.88,0.65,93604,11440,0.1222,0.1245,101.25,48,8.3
2/22/2025,Southeast,SO03,INC_Q1_BONUS,Winter Shopper Incentive,Social,Desktop,Returning,734.31,10454.53,11188.84,1291,1222,69,194,300,106,71377.85,60189.01,58.41,85,24698.41,0.34,85946,979,0.0114,1.2482,60.46,4,8
2/22/2025,Northeast,NO01,NEW_USER_Q1,New User Acquisition,Email,Mobile,Lapsed,6118.77,6013.19,12131.96,371,327,44,371,358,-13,16669.79,4537.83,50.98,363,34799.38,0.61,63552,3179,0.05,0.1029,112.55,12,6.5
2/23/2025,West,WE03,CUST_RET_Q1,Customer Retargeting,Email,Desktop,Returning,3637.4,7082.33,10719.73,272,231,41,269,344,75,5920.61,-4799.12,25.63,485,117272.38,0.69,43918,5026,0.1144,0.046,82.5,13,7.2
2/23/2025,West,WE02,LOYALTY_Q1,Loyalty Rewards,Social,Desktop,Lapsed,1237.34,8595.48,9832.82,1757,1649,108,413,460,47,96341.11,86508.29,58.42,204,53935.68,0.75,69670,1661,0.0238,0.9928,110.07,31,7.1
2/23/2025,Northeast,NO01,LOYALTY_Q1,Loyalty Rewards,Referral,Desktop,Lapsed,3169.86,10981.44,14151.3,1033,979,54,434,485,51,35194.29,21042.99,35.95,422,28536.9,0.31,19452,2228,0.1145,0.4394,94.85,46,8.1
2/23/2025,Midwest,MI05,LOYALTY_Q1,Loyalty Rewards,Social,Mobile,Lapsed,9977.89,4689.72,14667.61,163,153,10,60,106,46,18332.46,3664.85,119.82,212,49042.3,0.7,57030,3347,0.0587,0.0457,31.95,3,8.5
2/23/2025,Southeast,SO05,INC_Q1_BONUS,Winter Shopper Incentive,Social,Mobile,Returning,1579.64,1054.86,2634.5,1902,1845,57,149,185,36,58146.24,55511.74,31.52,24,2908.05,0.43,84569,3154,0.0373,0.585,58.21,83,6.3
2/23/2025,Northeast,NO05,LOYALTY_Q1,Loyalty Rewards,Social,Desktop,New,5830.93,10624.12,16455.05,1326,1183,143,129,89,-40,57524.44,41069.39,48.63,393,90566.89,0.25,13975,1725,0.1234,0.6858,78.29,52,6.2
2/23/2025,Southeast,SO01,CUST_RET_Q1,Customer Retargeting,Email,Mobile,New,2952.5,1528.46,4480.96,1944,1829,115,268,390,122,156165.5,151684.54,85.38,223,60063.63,0.65,69578,9404,0.1352,0.1945,114.27,36,6.6
2/23/2025,Southeast,SO03,NEW_USER_Q1,New User Acquisition,Paid Search,Mobile,New,991.35,3954.54,4945.89,357,346,11,141,251,110,26510.04,21564.15,76.62,467,52835.74,0.65,19405,858,0.0442,0.4033,42.34,2,7.8
2/23/2025,Midwest,MI05,NEW_USER_Q1,New User Acquisition,Referral,Desktop,New,3089.99,8107.07,11197.06,491,449,42,401,461,60,48033.98,36836.92,106.98,319,37143.27,0.26,42911,1202,0.028,0.3735,33.1,13,7
2/23/2025,West,WE01,INC_Q1_BONUS,Winter Shopper Incentive,Email,Desktop,Returning,4195.34,13456.61,17651.95,664,607,57,215,206,-9,28713.46,11061.51,47.3,185,9677.46,0.39,12101,1560,0.1289,0.3891,58.08,27,6.4
2/23/2025,Midwest,MI03,INC_Q1_BONUS,Winter Shopper Incentive,Social,Mobile,Returning,5691.77,14350.03,20041.8,1548,1429,119,362,489,127,116329.89,96288.09,81.41,66,6447.38,0.2,36006,4662,0.1295,0.3065,36.95,62,8.8
2/24/2025,Southeast,SO01,LOYALTY_Q1,Loyalty Rewards,Paid Search,Desktop,New,1268.29,6996.4,8264.69,1112,954,158,171,121,-50,61280.4,53015.71,64.24,105,19667.2,0.63,46543,6555,0.1408,0.1455,87.44,38,8
2/24/2025,Northeast,NO04,LOYALTY_Q1,Loyalty Rewards,Referral,Mobile,Lapsed,9308.19,4284.99,13593.18,447,445,2,167,121,-46,41704.52,28111.34,93.72,257,47542.25,0.71,99452,2288,0.023,0.1945,53.13,7,8.3
2/24/2025,Southeast,SO01,LOYALTY_Q1,Loyalty Rewards,Email,Desktop,Lapsed,5958.58,8932.06,14890.64,343,302,41,288,286,-2,9554.27,-5336.37,31.64,91,18835.86,0.6,46033,6054,0.1315,0.0499,102.53,15,6.6
2/24/2025,Northeast,NO05,INC_Q1_BONUS,Winter Shopper Incentive,Referral,Desktop,Lapsed,4035.14,8306.38,12341.52,791,775,16,226,212,-14,69133.92,56792.4,89.21,107,22798.36,0.48,46349,3076,0.0664,0.252,76.77,21,6.4
2/24/2025,Northeast,NO02,LOYALTY_Q1,Loyalty Rewards,Referral,Desktop,Returning,2710.92,1753.63,4464.55,973,867,106,162,124,-38,24376.94,19912.39,28.12,191,25844.42,0.47,83214,10327,0.1241,0.084,108.97,17,8.6
2/24/2025,Southeast,SO05,LOYALTY_Q1,Loyalty Rewards,Referral,Desktop,New,2202.06,13475.96,15678.02,493,437,56,493,570,77,10932.66,-4745.36,25.02,401,32545.9,0.78,69685,2494,0.0358,0.1752,33.54,8,6.1
2/24/2025,West,WE05,INC_Q1_BONUS,Winter Shopper Incentive,Social,Desktop,Returning,5635.25,7414.87,13050.12,1104,989,115,424,409,-15,103694.89,90644.77,104.85,437,48096.77,0.48,92228,4239,0.046,0.2333,102.07,14,6.5
2/24/2025,Southeast,SO05,CUST_RET_Q1,Customer Retargeting,Email,Desktop,Lapsed,2476.47,5533.91,8010.38,1736,1718,18,79,67,-12,60111.84,52101.46,34.99,131,31540.23,0.6,83678,2462,0.0294,0.6978,57,34,7.8
2/24/2025,Northeast,NO03,NEW_USER_Q1,New User Acquisition,Email,Desktop,New,4447.82,6380.75,10828.57,1118,1098,20,345,323,-22,24451.02,13622.45,22.27,339,75108.27,0.22,68703,3997,0.0582,0.2747,55.34,3,7.4
2/25/2025,Midwest,MI05,LOYALTY_Q1,Loyalty Rewards,Email,Mobile,Returning,5275.45,1720.7,6996.15,1859,1833,26,452,527,75,63219.23,56223.08,34.49,181,29312.19,0.53,64734,6738,0.1041,0.272,98.55,16,8.2
2/25/2025,Southeast,SO01,CUST_RET_Q1,Customer Retargeting,Social,Desktop,Lapsed,5547.02,11087.22,16634.24,765,654,111,361,425,64,59733.06,43098.82,91.33,120,31333.22,0.65,68067,1701,0.025,0.3845,70.27,34,7.2
2/25/2025,West,WE01,INC_Q1_BONUS,Winter Shopper Incentive,Email,Desktop,Lapsed,6835.21,2955.12,9790.33,483,420,63,357,386,29,47872.43,38082.1,113.98,389,84941.3,0.78,24196,1745,0.0721,0.2407,108.13,21,6.8
2/25/2025,Northeast,NO02,LOYALTY_Q1,Loyalty Rewards,Social,Mobile,New,3860.12,5234.71,9094.83,135,119,16,135,88,-47,4128.37,-4966.46,34.69,457,31587.83,0.79,16735,361,0.0216,0.3296,73.61,6,8.1
2/25/2025,Southeast,SO05,INC_Q1_BONUS,Winter Shopper Incentive,Social,Desktop,Returning,4723.96,1379.14,6103.1,1360,1256,104,115,134,19,47949.51,41846.41,38.18,425,90575.57,0.23,15799,1184,0.0749,1.0608,42,16,7.4
2/25/2025,West,WE01,NEW_USER_Q1,New User Acquisition,Referral,Desktop,Returning,3688.98,9044.15,12733.13,1715,1566,149,114,132,18,53460.66,40727.53,34.14,31,5055.84,0.64,97612,2310,0.0237,0.6779,45.02,35,6.7
2/25/2025,Midwest,MI03,NEW_USER_Q1,New User Acquisition,Referral,Mobile,Returning,1508.24,7898.94,9407.18,771,723,48,180,178,-2,61685.43,52278.25,85.32,422,123036.81,0.68,69752,4899,0.0702,0.1476,54.72,16,8
2/25/2025,Southeast,SO01,CUST_RET_Q1,Customer Retargeting,Social,Mobile,New,6839.84,1613.86,8453.7,1729,1496,233,494,594,100,113248.22,104794.52,75.7,147,23888.39,0.4,23113,1382,0.0598,1.0825,49.16,85,8.1
2/25/2025,Northeast,NO01,INC_Q1_BONUS,Winter Shopper Incentive,Paid Search,Desktop,Returning,4585.53,14782.19,19367.72,1580,1345,235,313,326,13,31203.25,11835.53,23.2,50,6609.68,0.57,79798,6870,0.0861,0.1958,88.84,51,6.7
2/25/2025,Northeast,NO04,NEW_USER_Q1,New User Acquisition,Paid Search,Desktop,Returning,8002.74,10289.03,18291.77,1893,1878,15,440,543,103,150806,132514.23,80.3,47,12851.85,0.52,28073,3739,0.1332,0.5023,119.98,42,6.1
2/25/2025,West,WE01,CUST_RET_Q1,Customer Retargeting,Email,Mobile,New,2795.22,10410.81,13206.03,231,199,32,97,78,-19,19801.95,6595.92,99.51,189,33053.68,0.72,22061,1463,0.0663,0.136,100.5,4,7.4
2/25/2025,Southeast,SO01,NEW_USER_Q1,New User Acquisition,Social,Desktop,Lapsed,2524.08,4794.88,7318.96,1648,1568,80,94,108,14,176589.44,169270.48,112.62,157,9497.43,0.48,17488,307,0.0176,5.1075,62.43,41,8.3
2/25/2025,Northeast,NO02,CUST_RET_Q1,Customer Retargeting,Email,Desktop,Lapsed,7402.75,10820.87,18223.62,1725,1721,4,116,242,126,91541.07,73317.45,53.19,497,28981.88,0.34,99746,12212,0.1224,0.1409,68.4,80,6.4
2/25/2025,Midwest,MI02,LOYALTY_Q1,Loyalty Rewards,Referral,Desktop,Returning,1928.29,6929.34,8857.63,1362,1330,32,193,221,28,129176.66,120319.03,97.13,184,21697.95,0.41,58255,7115,0.1221,0.1869,53.34,49,7
2/26/2025,West,WE02,INC_Q1_BONUS,Winter Shopper Incentive,Paid Search,Mobile,Returning,9755.36,14943.04,24698.4,733,671,62,264,288,24,21275.2,-3423.2,31.71,85,18870.64,0.7,73592,1777,0.0241,0.3776,37.57,12,6.7
2/26/2025,Northeast,NO02,NEW_USER_Q1,New User Acquisition,Referral,Desktop,Lapsed,4283.73,2283.79,6567.52,1482,1375,107,114,240,126,42690.19,36122.67,31.05,151,18761.86,0.71,33913,1448,0.0427,0.9496,33.79,64,8.7
2/26/2025,Southeast,SO04,LOYALTY_Q1,Loyalty Rewards,Referral,Desktop,New,5495.22,8163.54,13658.76,1791,1638,153,245,359,114,178557.89,164899.13,109.01,202,57905.54,0.4,41379,2608,0.063,0.6281,30.6,10,6.9
2/26/2025,Northeast,NO04,NEW_USER_Q1,New User Acquisition,Referral,Mobile,Returning,7108.43,9550.79,16659.22,1165,1058,107,188,240,52,34436.45,17777.23,32.55,282,28960.09,0.53,76476,6822,0.0892,0.1551,113.62,5,7.1
2/26/2025,Southeast,SO04,INC_Q1_BONUS,Winter Shopper Incentive,Paid Search,Desktop,New,3723.4,8083.04,11806.44,433,372,61,397,363,-34,11395.75,-410.69,30.63,247,34254.49,0.44,15414,1129,0.0732,0.3295,118.72,5,7.2
2/26/2025,Northeast,NO03,INC_Q1_BONUS,Winter Shopper Incentive,Referral,Desktop,Returning,2352.1,8068.76,10420.86,1303,1181,122,283,258,-25,78684.51,68263.65,66.63,288,17025.2,0.23,42302,1121,0.0265,1.0535,34.06,32,8.5
2/26/2025,Midwest,MI01,NEW_USER_Q1,New User Acquisition,Social,Desktop,New,9106.75,13089.65,22196.4,185,159,26,473,523,50,15994.93,-6201.47,100.6,69,15822.03,0.7,66250,8909,0.1345,0.0178,106.07,0,6.1
2/26/2025,Southeast,SO01,LOYALTY_Q1,Loyalty Rewards,Email,Desktop,New,1202.65,3449.96,4652.61,1624,1528,96,272,302,30,183169.01,178516.4,119.88,382,96820.37,0.43,61062,9147,0.1498,0.167,86.67,40,6.6
2/26/2025,Midwest,MI03,CUST_RET_Q1,Customer Retargeting,Email,Desktop,New,2421.04,8601.3,11022.34,793,736,57,408,516,108,31506.51,20484.17,42.81,173,26002.54,0.68,81882,2354,0.0287,0.3127,37.97,28,8.8
2/27/2025,West,WE02,LOYALTY_Q1,Loyalty Rewards,Email,Desktop,Returning,4562.21,7195.64,11757.85,1375,1198,177,384,425,41,74202.88,62445.03,61.94,72,8862.9,0.47,8352,318,0.0381,3.7673,83.12,6,6.2
2/27/2025,Southeast,SO01,INC_Q1_BONUS,Winter Shopper Incentive,Email,Desktop,Returning,4428.41,1557.36,5985.77,1533,1351,182,384,377,-7,158015.11,152029.34,116.96,106,6442.15,0.31,26279,688,0.0262,1.9637,93.54,1,8.3
2/27/2025,Midwest,MI02,NEW_USER_Q1,New User Acquisition,Social,Mobile,New,9390.35,7398.84,16789.19,246,238,8,210,300,90,22892.98,6103.79,96.19,106,20363.45,0.68,82515,5321,0.0645,0.0447,109.87,0,8.4
2/27/2025,West,WE05,INC_Q1_BONUS,Winter Shopper Incentive,Social,Desktop,Lapsed,788.36,12813.38,13601.74,1539,1358,181,263,298,35,156619.11,143017.37,115.33,76,5109.63,0.49,76020,6558,0.0863,0.2071,41.31,16,6.8
2/27/2025,Midwest,MI05,INC_Q1_BONUS,Winter Shopper Incentive,Referral,Mobile,New,4865.85,7985.55,12851.4,137,130,7,74,153,79,12552.06,-299.34,96.55,35,5996.29,0.29,11976,1019,0.0851,0.1276,107.39,2,7.8
2/27/2025,Midwest,MI05,NEW_USER_Q1,New User Acquisition,Referral,Mobile,Returning,2107.43,3625.38,5732.81,892,854,38,157,131,-26,56689.36,50956.55,66.38,128,15589.27,0.4,22577,1491,0.066,0.5728,79.49,27,8
2/27/2025,Midwest,MI04,LOYALTY_Q1,Loyalty Rewards,Social,Mobile,Returning,2543.31,4806.05,7349.36,1479,1396,83,349,312,-37,46437.08,39087.72,33.26,339,77468.88,0.64,2645,86,0.0325,16.2326,60.31,56,7.7
2/27/2025,Midwest,MI01,LOYALTY_Q1,Loyalty Rewards,Paid Search,Mobile,Returning,6050.55,1679.93,7730.48,1528,1381,147,397,404,7,79370.35,71639.87,57.47,346,82073.58,0.6,31624,794,0.0251,1.7393,68.51,22,8.9
2/27/2025,Southeast,SO02,LOYALTY_Q1,Loyalty Rewards,Social,Desktop,Returning,6204.33,2405.62,8609.95,1551,1358,193,167,225,58,83859.6,75249.65,61.75,53,10025.27,0.33,1205,79,0.0656,17.1899,47.31,59,7.6
2/27/2025,Midwest,MI03,INC_Q1_BONUS,Winter Shopper Incentive,Referral,Mobile,Returning,6142.41,13086.83,19229.24,1425,1323,102,150,196,46,29897.46,10668.22,22.6,38,7143.06,0.7,99376,3632,0.0365,0.3643,60.41,37,6.6
2/27/2025,Midwest,MI01,NEW_USER_Q1,New User Acquisition,Email,Desktop,Lapsed,5375.52,6955.82,12331.34,326,318,8,458,527,69,36738.1,24406.76,115.53,376,104903.25,0.38,4323,211,0.0488,1.5071,104.87,6,6.3
2/28/2025,West,WE05,NEW_USER_Q1,New User Acquisition,Email,Mobile,Lapsed,5188.69,10831.62,16020.31,1782,1635,147,176,171,-5,59710.84,43690.53,36.52,177,27515.9,0.45,79279,8239,0.1039,0.1984,53.24,60,6.9
2/28/2025,West,WE01,CUST_RET_Q1,Customer Retargeting,Paid Search,Mobile,Returning,3115.24,3186.89,6302.13,1187,1153,34,242,334,92,46600.4,40298.27,40.42,415,67974.09,0.6,60821,2053,0.0338,0.5616,31.72,47,6.1
2/28/2025,West,WE05,LOYALTY_Q1,Loyalty Rewards,Email,Desktop,Returning,7014.16,13742.98,20757.14,1279,1180,99,143,105,-38,41735.54,20978.4,35.37,302,78051.29,0.59,24989,2290,0.0916,0.5153,83.36,39,7.8
2/28/2025,Southeast,SO01,CUST_RET_Q1,Customer Retargeting,Social,Desktop,Lapsed,1543.7,13371.58,14915.28,1394,1226,168,493,464,-29,33381.15,18465.87,27.23,483,62319.23,0.23,46156,2790,0.0604,0.4394,37.84,40,6.2
2/28/2025,West,WE05,LOYALTY_Q1,Loyalty Rewards,Paid Search,Desktop,New,5432.47,4281.18,9713.65,1565,1376,189,158,298,140,161884.98,152171.33,117.65,34,4433.03,0.22,94220,10207,0.1083,0.1348,89.3,63,6.1
2/28/2025,Southeast,SO03,CUST_RET_Q1,Customer Retargeting,Email,Mobile,Lapsed,6750.52,12534.55,19285.07,969,939,30,239,363,124,105605.44,86320.37,112.47,366,75213.84,0.52,48307,1341,0.0278,0.7002,83.32,17,7.1
2/28/2025,Midwest,MI01,INC_Q1_BONUS,Winter Shopper Incentive,Paid Search,Desktop,New,3936.82,1144.84,5081.66,520,482,38,397,512,115,56290.97,51209.31,116.79,346,70786.96,0.27,88616,6792,0.0766,0.071,92.03,24,8.2
2/28/2025,Midwest,MI02,CUST_RET_Q1,Customer Retargeting,Email,Mobile,New,1129.76,6135.28,7265.04,1188,1126,62,331,461,130,102933.64,95668.6,91.42,288,73675.34,0.73,75968,5099,0.0671,0.2208,91.87,40,7.5
2/28/2025,Midwest,MI04,INC_Q1_BONUS,Winter Shopper Incentive,Referral,Mobile,Lapsed,1749.49,10467.35,12216.84,872,871,1,105,129,24,43318.64,31101.8,49.73,484,82121.1,0.44,90905,5647,0.0621,0.1542,58.64,12,8
2/28/2025,Northeast,NO04,CUST_RET_Q1,Customer Retargeting,Social,Desktop,Lapsed,1186.6,11424.97,12611.57,1176,1028,148,440,526,86,29810.52,17198.95,29,410,102315.89,0.57,26433,1645,0.0622,0.6249,109.98,8,8.7
2/28/2025,West,WE02,LOYALTY_Q1,Loyalty Rewards,Social,Desktop,New,3736.43,6448.25,10184.68,754,747,7,246,334,88,52245.52,42060.84,69.94,160,38299.05,0.36,32957,4838,0.1468,0.1544,101.69,15,6
2/28/2025,Midwest,MI05,NEW_USER_Q1,New User Acquisition,Paid Search,Desktop,Lapsed,4323.09,3631.77,7954.86,1626,1586,40,348,432,84,93627.91,85673.05,59.03,451,104920.65,0.78,70253,6770,0.0964,0.2343,100.14,27,6.2
2/28/2025,Northeast,NO04,NEW_USER_Q1,New User Acquisition,Referral,Desktop,Returning,3211.75,9610.72,12822.47,166,163,3,382,468,86,17400.47,4578,106.75,81,5272.41,0.68,99994,10808,0.1081,0.0151,32.06,3,8.1
3/1/2025,West,WE05,LOYALTY_Q1,Loyalty Rewards,Referral,Desktop,New,9263.74,10901.34,20165.08,1229,1186,43,336,407,71,31894.09,11729.01,26.89,60,14046.66,0.76,4797,659,0.1374,1.7997,41.05,36,9
3/1/2025,Midwest,MI02,NEW_USER_Q1,New User Acquisition,Referral,Mobile,New,5604.73,3687.38,9292.11,1943,1833,110,230,289,59,93426.49,84134.38,50.97,371,62728.9,0.6,30087,1556,0.0517,1.178,86.29,84,7.1
3/1/2025,West,WE02,CUST_RET_Q1,Customer Retargeting,Referral,Mobile,Returning,7153.3,11624.15,18777.45,881,825,56,338,440,102,32312.88,13535.43,39.17,288,51373.29,0.77,60789,5112,0.0841,0.1614,82.6,38,7
3/1/2025,Northeast,NO01,NEW_USER_Q1,New User Acquisition,Social,Mobile,Lapsed,3326.92,12050.07,15376.99,1301,1135,166,219,183,-36,110173.54,94796.55,97.07,148,20815.58,0.24,1636,239,0.1461,4.749,84.61,64,7
3/1/2025,West,WE04,INC_Q1_BONUS,Winter Shopper Incentive,Social,Mobile,Lapsed,2769.59,1585.5,4355.09,1939,1811,128,349,445,96,152829.19,148474.1,84.39,64,16994.45,0.73,64197,4489,0.0699,0.4034,109.22,31,7.2
3/1/2025,Southeast,SO05,NEW_USER_Q1,New User Acquisition,Social,Desktop,New,797.93,3383.77,4181.7,1225,1116,109,144,283,139,67759.54,63577.84,60.72,134,34643.53,0.67,90001,7164,0.0796,0.1558,42.13,32,7.9
3/1/2025,West,WE03,LOYALTY_Q1,Loyalty Rewards,Email,Mobile,New,3261.11,5164.9,8426.01,441,422,19,353,420,67,14713.98,6287.97,34.87,121,11228.34,0.26,87959,5557,0.0632,0.0759,72.83,14,7.8
3/1/2025,Midwest,MI05,LOYALTY_Q1,Loyalty Rewards,Paid Search,Mobile,Lapsed,9615.94,9289.73,18905.67,1439,1245,194,252,314,62,120426.15,101520.48,96.73,394,51288.88,0.6,52222,4138,0.0792,0.3009,49.01,54,7.3
3/1/2025,Southeast,SO01,LOYALTY_Q1,Loyalty Rewards,Paid Search,Mobile,Returning,3836.56,12721.36,16557.92,1363,1352,11,216,263,47,35680.81,19122.89,26.39,252,36061.24,0.67,44201,5247,0.1187,0.2577,58.91,24,6.4
3/1/2025,West,WE02,CUST_RET_Q1,Customer Retargeting,Paid Search,Mobile,Returning,6595.17,10009.76,16604.93,1199,1099,100,439,453,14,107224.44,90619.51,97.57,65,15314.33,0.77,9382,306,0.0326,3.5915,57.89,30,8
3/1/2025,Midwest,MI05,LOYALTY_Q1,Loyalty Rewards,Email,Desktop,Lapsed,7072.28,2702.65,9774.93,635,602,33,278,240,-38,17816.54,8041.61,29.6,243,54780.16,0.65,11965,500,0.0418,1.204,39.17,13,8.8
3/1/2025,Northeast,NO02,CUST_RET_Q1,Customer Retargeting,Email,Mobile,Lapsed,1978.11,14440.18,16418.29,624,568,56,312,365,53,66308.41,49890.12,116.74,329,41727.5,0.76,87936,7539,0.0857,0.0753,110.31,2,6.7
3/1/2025,Northeast,NO04,LOYALTY_Q1,Loyalty Rewards,Referral,Mobile,Returning,8325.48,3960.61,12286.09,1789,1656,133,395,494,99,137478.73,125192.64,83.02,78,22064.17,0.47,77084,9516,0.1234,0.174,68.49,76,8.1
3/2/2025,Midwest,MI01,NEW_USER_Q1,New User Acquisition,Social,Mobile,Lapsed,5452.36,2213.87,7666.23,1715,1682,33,313,411,98,161309.83,153643.6,95.9,494,110196.16,0.71,16896,2305,0.1364,0.7297,88.2,58,9
3/2/2025,West,WE05,NEW_USER_Q1,New User Acquisition,Social,Mobile,Returning,5166.27,14948.7,20114.97,102,99,3,318,387,69,9383.93,-10731.04,94.79,98,19427.03,0.55,18674,2480,0.1328,0.0399,53.9,3,7.4
3/2/2025,West,WE05,CUST_RET_Q1,Customer Retargeting,Referral,Mobile,New,7291.78,8878.5,16170.28,591,544,47,121,130,9,20972.59,4802.31,38.55,154,11209.83,0.29,83970,10770,0.1283,0.0505,98.49,2,8.4
3/2/2025,West,WE03,INC_Q1_BONUS,Winter Shopper Incentive,Email,Desktop,Returning,5030.01,10628.11,15658.12,782,766,16,443,434,-9,63772.88,48114.76,83.25,286,39948.16,0.68,53887,6069,0.1126,0.1262,77.57,29,6
3/2/2025,Northeast,NO02,INC_Q1_BONUS,Winter Shopper Incentive,Email,Desktop,New,6019.64,6964.99,12984.63,413,399,14,478,489,11,40019.78,27035.15,100.3,323,77399.03,0.21,90791,9973,0.1098,0.04,64.8,8,7
3/2/2025,Midwest,MI02,CUST_RET_Q1,Customer Retargeting,Social,Mobile,New,7099.09,4062.02,11161.11,967,941,26,123,253,130,95505.83,84344.72,101.49,397,65656.15,0.79,26939,3187,0.1183,0.2953,97.31,32,7.3
3/2/2025,Southeast,SO04,NEW_USER_Q1,New User Acquisition,Email,Desktop,New,6985.2,4298.72,11283.92,926,899,27,325,386,61,46111.47,34827.55,51.29,68,17055.16,0.79,3716,423,0.1138,2.1253,91,3,7.9
3/2/2025,Midwest,MI02,CUST_RET_Q1,Customer Retargeting,Paid Search,Mobile,New,1504.16,10717.01,12221.17,1741,1645,96,476,551,75,132286.61,120065.44,80.42,322,37273.58,0.3,21125,1402,0.0664,1.1733,82.99,8,8.1
3/2/2025,West,WE02,NEW_USER_Q1,New User Acquisition,Paid Search,Mobile,New,9414.6,9937.2,19351.8,265,264,1,241,331,90,24553.98,5202.18,93.01,361,47447.77,0.55,45261,1938,0.0428,0.1362,47.35,1,7
3/2/2025,West,WE05,INC_Q1_BONUS,Winter Shopper Incentive,Paid Search,Desktop,Returning,7164.85,11060.42,18225.27,440,438,2,353,444,91,30132.54,11907.27,68.8,106,22209.9,0.55,49776,2166,0.0435,0.2022,108.07,8,8.8
3/3/2025,Southeast,SO03,LOYALTY_Q1,Loyalty Rewards,Social,Mobile,Lapsed,8501.98,1722.9,10224.88,642,585,57,85,186,101,18254.28,8029.4,31.2,331,64213.87,0.75,88886,11056,0.1244,0.0529,53.21,1,7.7
3/3/2025,Northeast,NO03,LOYALTY_Q1,Loyalty Rewards,Social,Mobile,Lapsed,5101.79,10251.48,15353.27,307,286,21,363,334,-29,18656.3,3303.03,65.23,12,722.26,0.3,37877,811,0.0214,0.3527,35.43,6,8
3/3/2025,Northeast,NO01,LOYALTY_Q1,Loyalty Rewards,Paid Search,Mobile,Lapsed,5492.29,7742.89,13235.18,554,531,23,135,217,82,11205.76,-2029.42,21.1,395,32963.12,0.45,74294,6797,0.0915,0.0781,91.29,23,7.6
3/3/2025,Midwest,MI05,LOYALTY_Q1,Loyalty Rewards,Paid Search,Mobile,New,1082.64,6070.47,7153.11,1948,1940,8,440,492,52,97814.55,90661.44,50.42,326,51954.78,0.73,91453,10252,0.1121,0.1892,117.02,37,8.2
3/3/2025,West,WE01,NEW_USER_Q1,New User Acquisition,Social,Desktop,New,7235.16,13685.41,20920.57,774,753,21,442,521,79,20336.17,-584.4,27.01,306,65633.14,0.64,29718,4161,0.14,0.181,74.71,4,7.3
3/3/2025,Midwest,MI03,INC_Q1_BONUS,Winter Shopper Incentive,Referral,Desktop,Returning,1103.59,6547.46,7651.05,364,347,17,460,547,87,37315.38,29664.33,107.54,134,30268.2,0.59,30317,2642,0.0871,0.1313,93.78,5,6.9
3/3/2025,Southeast,SO05,NEW_USER_Q1,New User Acquisition,Referral,Desktop,Lapsed,2981.4,8166.63,11148.03,1702,1608,94,95,125,30,121573.23,110425.2,75.61,231,52230.46,0.5,21557,977,0.0453,1.6459,90.21,69,8.7
3/3/2025,Northeast,NO04,CUST_RET_Q1,Customer Retargeting,Social,Mobile,Lapsed,6451.41,8533.11,14984.52,1044,902,142,480,520,40,85667.71,70683.19,94.98,379,91156.29,0.78,84533,5024,0.0594,0.1795,115.52,3,6
3/3/2025,Southeast,SO03,CUST_RET_Q1,Customer Retargeting,Paid Search,Desktop,Returning,5354.58,3151.44,8506.02,1538,1335,203,269,219,-50,137006.94,128500.92,102.63,238,53250.43,0.39,63286,4778,0.0755,0.2794,81.08,49,6.9
3/3/2025,West,WE05,NEW_USER_Q1,New User Acquisition,Social,Mobile,Lapsed,966.06,2519.39,3485.45,1100,1058,42,437,531,94,99081.09,95595.64,93.65,222,62945.13,0.33,87677,1463,0.0167,0.7232,52.18,49,7.9
3/4/2025,Southeast,SO02,NEW_USER_Q1,New User Acquisition,Referral,Mobile,Lapsed,6386.09,10102.82,16488.91,566,513,53,54,165,111,33847.76,17358.85,65.98,139,23789.91,0.65,93062,9986,0.1073,0.0514,118.53,18,6.5
3/4/2025,Midwest,MI04,NEW_USER_Q1,New User Acquisition,Referral,Desktop,Lapsed,8785.29,8627.87,17413.16,1191,1147,44,263,355,92,46439.88,29026.72,40.49,222,47709.43,0.3,1781,77,0.0432,14.8961,70.61,57,8.3
3/4/2025,Southeast,SO05,CUST_RET_Q1,Customer Retargeting,Paid Search,Desktop,Returning,3764.8,4954.03,8718.83,1677,1550,127,311,427,116,132800.92,124082.09,85.68,98,14635.84,0.26,7852,1138,0.1449,1.362,48.34,73,6.3
3/4/2025,Southeast,SO05,NEW_USER_Q1,New User Acquisition,Social,Desktop,New,7579.21,2070.16,9649.37,710,640,70,57,196,139,64365.73,54716.36,100.57,26,4922.52,0.29,79672,4793,0.0602,0.1335,112.16,34,6.7
3/4/2025,Midwest,MI02,INC_Q1_BONUS,Winter Shopper Incentive,Social,Desktop,New,5337,1345.38,6682.38,1843,1839,4,148,247,99,171507.48,164825.1,93.26,323,33275.56,0.34,18397,291,0.0158,6.3196,48.61,42,7.1
3/4/2025,Midwest,MI02,INC_Q1_BONUS,Winter Shopper Incentive,Social,Mobile,Lapsed,1616.27,4527.98,6144.25,576,567,9,345,471,126,42564.15,36419.9,75.07,352,49810.49,0.68,6752,516,0.0764,1.0988,53.26,27,7.6
3/4/2025,Southeast,SO02,LOYALTY_Q1,Loyalty Rewards,Paid Search,Mobile,Lapsed,5910.08,13055.59,18965.67,411,386,25,146,292,146,41189.29,22223.62,106.71,134,29103.23,0.53,34697,5066,0.146,0.0762,54.86,5,7.7
3/4/2025,Midwest,MI02,CUST_RET_Q1,Customer Retargeting,Social,Mobile,Returning,8202.87,14733.81,22936.68,1203,1025,178,301,262,-39,59394.79,36458.11,57.95,221,16913.43,0.61,71382,3662,0.0513,0.2799,96.01,57,8.4
3/4/2025,Northeast,NO03,LOYALTY_Q1,Loyalty Rewards,Email,Desktop,Lapsed,8867.11,11607.21,20474.32,562,544,18,73,190,117,41580.05,21105.73,76.43,468,116089.39,0.65,99560,1202,0.0121,0.4526,102.82,12,7.8
3/4/2025,Midwest,MI03,INC_Q1_BONUS,Winter Shopper Incentive,Email,Mobile,New,7873.32,8491.03,16364.35,1347,1285,62,327,458,131,97802.65,81438.3,76.11,224,27970.14,0.79,32952,2225,0.0675,0.5775,98.71,51,7.3
3/4/2025,Northeast,NO02,INC_Q1_BONUS,Winter Shopper Incentive,Social,Mobile,Returning,2608.2,10436.32,13044.52,1616,1488,128,353,317,-36,112712.21,99667.69,75.75,299,28798.8,0.41,10963,1096,0.1,1.3577,76.78,77,8.9
3/4/2025,Northeast,NO05,LOYALTY_Q1,Loyalty Rewards,Social,Mobile,Lapsed,2355.04,9395.61,11750.65,580,496,84,127,171,44,15535.74,3785.09,31.32,225,17078.56,0.7,41478,5989,0.1444,0.0828,64.12,18,8.5
3/5/2025,Midwest,MI04,LOYALTY_Q1,Loyalty Rewards,Email,Mobile,Returning,5857.67,12769.94,18627.61,185,166,19,349,323,-26,18102.75,-524.86,109.05,221,37236.84,0.41,83152,6634,0.0798,0.025,37.82,5,7.8
3/5/2025,West,WE02,NEW_USER_Q1,New User Acquisition,Social,Mobile,Returning,3475.46,3058.87,6534.33,344,307,37,171,245,74,17511.19,10976.86,57.04,133,17089.39,0.73,31403,4687,0.1493,0.0655,79.08,12,7.8
3/5/2025,Southeast,SO05,CUST_RET_Q1,Customer Retargeting,Social,Desktop,New,9316.97,12828.07,22145.04,1002,914,88,424,516,92,74289.54,52144.5,81.28,248,53430.22,0.25,93050,3945,0.0424,0.2317,91.32,47,6.1
3/5/2025,Southeast,SO01,LOYALTY_Q1,Loyalty Rewards,Referral,Mobile,Returning,9305.71,3991.77,13297.48,883,826,57,67,203,136,64696.65,51399.17,78.33,271,66504.45,0.39,42198,659,0.0156,1.2534,82.95,12,7.7
3/5/2025,Southeast,SO02,LOYALTY_Q1,Loyalty Rewards,Social,Desktop,Returning,6703.02,3154.87,9857.89,1990,1933,57,492,493,1,179811.86,169953.97,93.02,385,26433.95,0.74,61739,2259,0.0366,0.8557,93.16,11,7.1
3/5/2025,West,WE01,LOYALTY_Q1,Loyalty Rewards,Email,Desktop,Returning,5177.82,12714.22,17892.04,1635,1565,70,445,532,87,141786.69,123894.65,90.6,320,33415.98,0.78,83212,11215,0.1348,0.1395,67.02,6,6.7
3/5/2025,West,WE03,NEW_USER_Q1,New User Acquisition,Social,Desktop,Returning,8812.58,5220.39,14032.97,159,153,6,114,96,-18,11785.78,-2247.19,77.03,419,31902.96,0.73,35600,2868,0.0806,0.0533,79.04,7,8.8
3/5/2025,Northeast,NO01,LOYALTY_Q1,Loyalty Rewards,Social,Desktop,Returning,6364.27,6672.21,13036.48,1139,1031,108,433,474,41,92131.98,79095.5,89.36,191,45605.74,0.65,47126,1579,0.0335,0.6529,67.76,0,7.4
3/5/2025,Southeast,SO03,INC_Q1_BONUS,Winter Shopper Incentive,Social,Desktop,New,1602.17,10420.85,12023.02,1837,1585,252,259,354,95,151130.37,139107.35,95.35,87,22750.57,0.48,22711,3404,0.1499,0.4656,119.12,9,8.2
3/5/2025,Southeast,SO03,NEW_USER_Q1,New User Acquisition,Referral,Mobile,New,8539.63,10382.82,18922.45,1398,1226,172,244,290,46,131430.85,112508.4,107.2,376,25185.03,0.6,53092,3467,0.0653,0.3536,45.94,39,7.1
3/5/2025,Midwest,MI01,LOYALTY_Q1,Loyalty Rewards,Paid Search,Mobile,Returning,6476.07,6862.56,13338.63,1615,1511,104,298,315,17,148669.16,135330.53,98.39,328,51002.54,0.72,56406,7584,0.1345,0.1992,105.22,75,7.2
3/6/2025,West,WE02,NEW_USER_Q1,New User Acquisition,Email,Desktop,Lapsed,6990.86,7960.45,14951.31,1268,1235,33,352,414,62,28452.8,13501.49,23.04,337,83871.75,0.75,32890,4661,0.1417,0.265,104.42,47,8
3/6/2025,Midwest,MI05,NEW_USER_Q1,New User Acquisition,Paid Search,Desktop,Returning,6478.34,3783.99,10262.33,272,232,40,237,325,88,15181.55,4919.22,65.44,317,36932.03,0.29,11749,364,0.031,0.6374,59.22,11,8
3/6/2025,West,WE01,NEW_USER_Q1,New User Acquisition,Paid Search,Mobile,New,9362.79,12585.09,21947.88,203,178,25,472,544,72,17862.62,-4085.26,100.35,416,33813.03,0.71,20873,2567,0.123,0.0693,47.57,5,7
3/6/2025,West,WE03,NEW_USER_Q1,New User Acquisition,Referral,Mobile,Returning,3269.21,11790.4,15059.61,820,810,10,439,495,56,59804.89,44745.28,73.83,378,100660.77,0.75,93708,9680,0.1033,0.0837,100.86,20,7.2
3/6/2025,West,WE01,LOYALTY_Q1,Loyalty Rewards,Social,Desktop,Returning,3327.68,5172.93,8500.61,497,472,25,256,315,59,52666.12,44165.51,111.58,460,96014.27,0.27,41875,540,0.0129,0.8741,98.48,0,8.5
3/6/2025,Midwest,MI01,NEW_USER_Q1,New User Acquisition,Email,Desktop,Lapsed,4361.4,11805.7,16167.1,455,392,63,66,142,76,34855.91,18688.81,88.92,253,26287.32,0.69,6057,230,0.038,1.7043,102.46,4,6.9
3/6/2025,Southeast,SO05,NEW_USER_Q1,New User Acquisition,Referral,Desktop,New,9573.1,9552.97,19126.07,810,737,73,211,299,88,62663.8,43537.73,85.03,172,41593,0.76,77154,4413,0.0572,0.167,66.2,23,8
3/6/2025,Northeast,NO04,INC_Q1_BONUS,Winter Shopper Incentive,Social,Desktop,Returning,8174.4,10700.3,18874.7,1293,1243,50,188,173,-15,42062.82,23188.12,33.84,298,84169.48,0.77,72319,5344,0.0739,0.2326,84.87,9,7.3
3/6/2025,Southeast,SO01,LOYALTY_Q1,Loyalty Rewards,Email,Mobile,Lapsed,9606.18,2987.06,12593.24,181,172,9,258,396,138,6691.1,-5902.14,38.9,19,4000.97,0.37,43485,2842,0.0654,0.0605,59.01,6,8.5
3/6/2025,West,WE02,NEW_USER_Q1,New User Acquisition,Social,Desktop,Lapsed,7758.88,9670.92,17429.8,299,270,29,88,88,0,32000.6,14570.8,118.52,345,93570.39,0.62,47902,3227,0.0674,0.0837,77.24,1,7
3/6/2025,West,WE01,INC_Q1_BONUS,Winter Shopper Incentive,Paid Search,Mobile,New,2274.09,8143.02,10417.11,1390,1294,96,177,132,-45,55767.05,45349.94,43.1,142,27984.93,0.41,38850,1629,0.0419,0.7944,58.56,20,7
3/6/2025,Midwest,MI03,INC_Q1_BONUS,Winter Shopper Incentive,Social,Desktop,Lapsed,6301.11,2669.5,8970.61,1721,1506,215,442,540,98,174807.46,165836.85,116.07,456,60387.19,0.43,3118,293,0.094,5.1399,90.45,86,7.9
3/6/2025,Midwest,MI05,LOYALTY_Q1,Loyalty Rewards,Email,Mobile,Returning,8214.32,3182.86,11397.18,1343,1142,201,61,129,68,126586.53,115189.35,110.85,156,17654.51,0.4,49838,3964,0.0795,0.2881,65.42,37,8.3
3/7/2025,Southeast,SO05,CUST_RET_Q1,Customer Retargeting,Paid Search,Desktop,Lapsed,5657.07,7041.39,12698.46,678,640,38,91,232,141,23470.77,10772.31,36.67,120,24602.18,0.52,10446,942,0.0902,0.6794,119.79,32,8.1
3/7/2025,West,WE05,CUST_RET_Q1,Customer Retargeting,Referral,Desktop,Lapsed,2911.3,4441.3,7352.6,448,413,35,190,312,122,13154.16,5801.56,31.85,274,24235.78,0.79,56841,8472,0.149,0.0487,34.04,6,7.1
3/7/2025,Southeast,SO04,INC_Q1_BONUS,Winter Shopper Incentive,Email,Mobile,New,6596.48,10400.71,16997.19,1714,1486,228,264,360,96,146410.95,129413.76,98.53,486,36616.81,0.37,56633,8029,0.1418,0.1851,112.33,7,6.2
3/7/2025,West,WE05,INC_Q1_BONUS,Winter Shopper Incentive,Email,Desktop,Returning,1966.95,9774.79,11741.74,1047,892,155,327,457,130,38933.56,27191.82,43.65,123,16766.88,0.3,9733,786,0.0808,1.1349,44.63,8,6.6
3/7/2025,Midwest,MI02,LOYALTY_Q1,Loyalty Rewards,Referral,Mobile,New,2756.82,7849.91,10606.73,202,181,21,306,356,50,7330.12,-3276.61,40.5,235,46026.29,0.48,10336,390,0.0377,0.4641,108.7,9,7.3
3/7/2025,Northeast,NO02,CUST_RET_Q1,Customer Retargeting,Social,Desktop,Lapsed,4533.44,14071.5,18604.94,206,200,6,135,152,17,23191.88,4586.94,115.96,146,36870.11,0.25,20924,1722,0.0823,0.1161,95.43,7,6.2
3/7/2025,Midwest,MI04,NEW_USER_Q1,New User Acquisition,Email,Mobile,New,2874.61,9533.4,12408.01,946,879,67,91,133,42,101211.81,88803.8,115.14,26,6354.92,0.64,87984,9293,0.1056,0.0946,89.47,32,7.2
3/7/2025,Midwest,MI01,LOYALTY_Q1,Loyalty Rewards,Social,Mobile,Returning,942.14,1060.82,2002.96,624,559,65,445,476,31,26902.44,24899.48,48.13,222,21800.56,0.43,18959,1601,0.0844,0.3492,73.01,11,6.2
3/7/2025,Northeast,NO05,CUST_RET_Q1,Customer Retargeting,Email,Mobile,New,1803.54,9247.63,11051.17,286,266,20,137,258,121,28668.37,17617.2,107.78,249,50962.63,0.47,24088,561,0.0233,0.4742,58.87,14,7.1
3/7/2025,Midwest,MI01,NEW_USER_Q1,New User Acquisition,Social,Mobile,New,7634.73,6287.24,13921.97,694,650,44,215,285,70,77885.85,63963.88,119.82,333,79028.42,0.38,97134,13568,0.1397,0.0479,37.64,4,7.6
3/7/2025,Southeast,SO05,NEW_USER_Q1,New User Acquisition,Paid Search,Mobile,New,4602.6,5974.25,10576.85,1306,1248,58,87,199,112,58988.97,48412.12,47.27,452,38633.02,0.79,43926,2868,0.0653,0.4351,80.78,50,7.9
3/8/2025,Midwest,MI05,INC_Q1_BONUS,Winter Shopper Incentive,Social,Desktop,Returning,8190.4,10173.39,18363.79,1384,1329,55,275,348,73,76110.3,57746.51,57.27,337,75463.93,0.23,42873,915,0.0213,1.4525,49.82,27,6.2
3/8/2025,Northeast,NO01,INC_Q1_BONUS,Winter Shopper Incentive,Paid Search,Mobile,New,5489.78,1457.04,6946.82,1158,1128,30,265,279,14,25396.01,18449.19,22.51,352,55477.61,0.39,72853,8621,0.1183,0.1308,84.17,25,6.5
3/8/2025,West,WE02,LOYALTY_Q1,Loyalty Rewards,Email,Desktop,Returning,4039.07,1961.99,6001.06,673,609,64,109,174,65,14939.94,8938.88,24.53,488,110869.41,0.21,69842,8827,0.1264,0.069,105.81,8,6
3/8/2025,Southeast,SO02,LOYALTY_Q1,Loyalty Rewards,Email,Desktop,Lapsed,3219.13,7441.44,10660.57,600,548,52,108,58,-50,60101.71,49441.14,109.67,302,80091.22,0.2,79947,2225,0.0278,0.2463,87.53,3,7.4
3/8/2025,Midwest,MI03,NEW_USER_Q1,New User Acquisition,Email,Mobile,Returning,7605.27,3757.07,11362.34,433,422,11,103,119,16,18166.88,6804.54,43.05,129,30302.36,0.45,80782,1029,0.0127,0.4101,90.42,19,6.5
3/8/2025,Southeast,SO05,INC_Q1_BONUS,Winter Shopper Incentive,Social,Mobile,Returning,4607.38,14883.79,19491.17,363,353,10,232,288,56,8499.71,-10991.46,24.08,471,140966.8,0.38,58183,2441,0.042,0.1446,49.81,2,8.8
3/8/2025,West,WE02,INC_Q1_BONUS,Winter Shopper Incentive,Paid Search,Desktop,New,3039.3,4885.65,7924.95,492,447,45,281,372,91,13441,5516.05,30.07,413,44454.35,0.48,56372,7424,0.1317,0.0602,51.39,24,7.2
3/8/2025,Midwest,MI03,INC_Q1_BONUS,Winter Shopper Incentive,Paid Search,Desktop,Returning,4795.74,11843.7,16639.44,1528,1407,121,118,156,38,32116.84,15477.4,22.83,186,45511.32,0.64,91693,6431,0.0701,0.2188,73.87,6,6.2
3/8/2025,Northeast,NO02,CUST_RET_Q1,Customer Retargeting,Social,Mobile,Returning,1109.28,4167.77,5277.05,1320,1186,134,361,500,139,63559.38,58282.33,53.59,255,52343.47,0.75,66875,6535,0.0977,0.1815,103.92,42,8.4
3/8/2025,Northeast,NO03,CUST_RET_Q1,Customer Retargeting,Social,Desktop,Returning,7385.5,1833.37,9218.87,754,655,99,191,325,134,48969.81,39750.94,74.76,17,1316.33,0.27,95302,3111,0.0326,0.2105,63.24,12,7.6
3/8/2025,Southeast,SO02,NEW_USER_Q1,New User Acquisition,Referral,Mobile,Lapsed,6358.77,2312.15,8670.92,1299,1125,174,304,316,12,99312.69,90641.77,88.28,255,44466.9,0.77,85845,2870,0.0334,0.392,53.9,6,8.1
3/9/2025,Northeast,NO02,CUST_RET_Q1,Customer Retargeting,Paid Search,Desktop,Returning,3419.25,12242.36,15661.61,390,365,25,155,268,113,33493.71,17832.1,91.76,11,1299.72,0.45,87365,3089,0.0354,0.1182,91.3,9,8.4
3/9/2025,Southeast,SO05,CUST_RET_Q1,Customer Retargeting,Paid Search,Desktop,Lapsed,9694.13,8698.1,18392.23,1915,1718,197,143,265,122,75063.54,56671.31,43.69,34,2133.29,0.57,85817,8998,0.1049,0.1909,79.22,46,8.8
3/9/2025,West,WE01,NEW_USER_Q1,New User Acquisition,Paid Search,Desktop,Lapsed,7769.34,3004.26,10773.6,1590,1579,11,56,35,-21,85146.1,74372.5,53.92,482,132941.4,0.36,55962,2506,0.0448,0.6301,58.52,41,7.6
3/9/2025,Midwest,MI03,NEW_USER_Q1,New User Acquisition,Paid Search,Mobile,New,7770.5,14011.65,21782.15,1709,1460,249,192,307,115,74504.84,52722.69,51.03,230,33765.33,0.37,72051,10349,0.1436,0.1411,112.67,79,8.2
3/9/2025,Southeast,SO02,CUST_RET_Q1,Customer Retargeting,Social,Mobile,Lapsed,6622.61,3560.1,10182.71,1364,1171,193,307,333,26,71335.28,61152.57,60.92,317,29799.96,0.72,3581,188,0.0525,6.2287,103.05,59,7.3
3/9/2025,Northeast,NO03,LOYALTY_Q1,Loyalty Rewards,Email,Mobile,New,6868.36,14859.73,21728.09,1337,1209,128,457,593,136,84718.85,62990.76,70.07,436,37510.79,0.69,43213,4203,0.0973,0.2877,60.93,55,6.8
3/10/2025,Midwest,MI02,INC_Q1_BONUS,Winter Shopper Incentive,Referral,Mobile,Lapsed,3720.78,5888.93,9609.71,915,893,22,453,554,101,53982.58,44372.87,60.45,170,35786.34,0.25,33711,4043,0.1199,0.2209,90.21,34,7.1
3/10/2025,Southeast,SO01,NEW_USER_Q1,New User Acquisition,Paid Search,Mobile,Lapsed,2853.44,5983.62,8837.06,1096,951,145,334,352,18,27974.33,19137.27,29.42,103,27178.11,0.62,96435,1196,0.0124,0.7952,98.7,20,7.4
3/10/2025,Southeast,SO04,NEW_USER_Q1,New User Acquisition,Referral,Desktop,Returning,1680.82,11232.14,12912.96,1260,1109,151,84,34,-50,104370.28,91457.32,94.11,415,25739.82,0.67,42832,4928,0.1151,0.225,101.96,34,6.5
3/10/2025,West,WE02,LOYALTY_Q1,Loyalty Rewards,Referral,Desktop,Lapsed,4859.93,11258.27,16118.2,1437,1350,87,65,96,31,77247.05,61128.85,57.22,147,39872.44,0.43,6283,883,0.1405,1.5289,78.98,45,7.2
3/10/2025,Midwest,MI02,LOYALTY_Q1,Loyalty Rewards,Paid Search,Desktop,Lapsed,6019.03,14869.51,20888.54,482,462,20,499,522,23,15635.72,-5252.82,33.84,162,17369.46,0.56,88959,5611,0.0631,0.0823,63.43,4,7.9
3/10/2025,Southeast,SO02,CUST_RET_Q1,Customer Retargeting,Social,Mobile,Lapsed,6805.56,2655.34,9460.9,350,300,50,468,591,123,32530.3,23069.4,108.43,432,23399.33,0.4,26494,1820,0.0687,0.1648,93.1,8,7.8
3/10/2025,Midwest,MI04,NEW_USER_Q1,New User Acquisition,Paid Search,Desktop,New,6876.6,1440.24,8316.84,312,297,15,449,435,-14,16107.32,7790.48,54.23,86,8054.13,0.39,4271,358,0.0838,0.8296,76.59,9,8.8
3/10/2025,Midwest,MI01,CUST_RET_Q1,Customer Retargeting,Social,Mobile,Lapsed,1595.36,2497.88,4093.24,1983,1759,224,67,60,-7,183710.37,179617.13,104.44,419,44318.68,0.23,6947,537,0.0773,3.2756,71.36,30,7.5
3/10/2025,Southeast,SO02,NEW_USER_Q1,New User Acquisition,Referral,Desktop,Returning,550.48,5592.98,6143.46,1307,1115,192,446,457,11,59423.95,53280.49,53.3,206,28835.57,0.6,33642,4637,0.1378,0.2405,101.8,27,8.9
3/10/2025,Northeast,NO03,CUST_RET_Q1,Customer Retargeting,Social,Desktop,Returning,609.5,2824.77,3434.27,583,519,64,428,382,-46,10461.97,7027.7,20.16,217,17920.07,0.32,76783,3629,0.0473,0.143,74.75,27,6.7
3/10/2025,Southeast,SO04,INC_Q1_BONUS,Winter Shopper Incentive,Social,Desktop,Lapsed,6931.5,10450.65,17382.15,1426,1223,203,99,237,138,70318.16,52936.01,57.5,398,30295.06,0.47,23218,572,0.0246,2.1381,98.72,35,8.4
3/10/2025,Southeast,SO05,NEW_USER_Q1,New User Acquisition,Paid Search,Mobile,New,9367.99,4081.81,13449.8,1189,1060,129,108,174,66,102915.23,89465.43,97.09,245,59681.91,0.36,41376,3658,0.0884,0.2898,48.35,14,6.9
3/10/2025,Northeast,NO05,NEW_USER_Q1,New User Acquisition,Email,Desktop,Lapsed,6893.03,12429.57,19322.6,847,747,100,193,219,26,53836.57,34513.97,72.07,318,22044.83,0.35,63771,6014,0.0943,0.1242,118.1,29,7.4
3/10/2025,West,WE02,INC_Q1_BONUS,Winter Shopper Incentive,Paid Search,Desktop,Returning,907.89,6991.81,7899.7,668,576,92,321,400,79,38925.9,31026.2,67.58,438,119664.95,0.68,10013,386,0.0385,1.4922,51.48,11,8.5
3/10/2025,Southeast,SO05,INC_Q1_BONUS,Winter Shopper Incentive,Social,Mobile,New,6171.16,8966.65,15137.81,1481,1283,198,107,169,62,108051.62,92913.81,84.22,371,61984.91,0.71,22703,2586,0.1139,0.4961,74.83,45,8.7
3/10/2025,Northeast,NO05,INC_Q1_BONUS,Winter Shopper Incentive,Paid Search,Desktop,Returning,4626.22,5692.56,10318.78,1331,1329,2,193,305,112,48147.12,37828.34,36.23,372,44543.79,0.37,39723,517,0.013,2.5706,50.98,23,7.2
3/11/2025,Northeast,NO02,INC_Q1_BONUS,Winter Shopper Incentive,Email,Mobile,Returning,2610.02,2678.12,5288.14,783,694,89,364,431,67,29062.24,23774.1,41.88,481,108588.03,0.42,47576,2166,0.0455,0.3204,52.22,38,7.5
3/11/2025,Southeast,SO02,LOYALTY_Q1,Loyalty Rewards,Social,Desktop,Lapsed,5451.72,12513.51,17965.23,718,611,107,352,418,66,67089.67,49124.44,109.8,290,61965.25,0.43,46379,6531,0.1408,0.0936,61.65,33,6.5
3/11/2025,Southeast,SO05,CUST_RET_Q1,Customer Retargeting,Email,Desktop,Returning,3947.97,14936.73,18884.7,1594,1466,128,313,412,99,111752.71,92868.01,76.23,45,13068.74,0.58,69910,2665,0.0381,0.5501,78.22,61,7.3
3/11/2025,Northeast,NO02,CUST_RET_Q1,Customer Retargeting,Email,Mobile,Returning,3998.94,7280.55,11279.49,1143,1105,38,276,379,103,65363.59,54084.1,59.15,478,24124.65,0.31,81073,7843,0.0967,0.1409,61.99,56,7.2
3/11/2025,Southeast,SO01,CUST_RET_Q1,Customer Retargeting,Paid Search,Desktop,New,1839.12,10298.63,12137.75,1180,1121,59,147,240,93,68578.92,56441.17,61.18,134,31801,0.37,58326,4768,0.0817,0.2351,102.58,9,8.9
3/11/2025,Midwest,MI01,CUST_RET_Q1,Customer Retargeting,Paid Search,Mobile,New,2846.13,13035.03,15881.16,591,541,50,103,220,117,22304.65,6423.49,41.23,485,117544.91,0.76,97426,1170,0.012,0.4624,102.27,6,6.6
3/11/2025,Midwest,MI05,INC_Q1_BONUS,Winter Shopper Incentive,Email,Mobile,Returning,7870.83,12311.4,20182.23,313,295,18,384,446,62,30512.58,10330.35,103.43,174,41967.77,0.36,47705,4008,0.084,0.0736,33.09,5,6.3
3/11/2025,West,WE02,NEW_USER_Q1,New User Acquisition,Paid Search,Mobile,Returning,9924.71,9808.06,19732.77,1834,1578,256,327,365,38,182695.58,162962.81,115.78,35,3796.82,0.32,79894,5192,0.065,0.3039,46.17,15,6.5
3/11/2025,Northeast,NO03,NEW_USER_Q1,New User Acquisition,Referral,Mobile,Returning,9610.73,9587.63,19198.36,1399,1254,145,184,191,7,108358.22,89159.86,86.41,19,5137.06,0.45,38412,5322,0.1386,0.2356,66.72,51,8.4
3/11/2025,Southeast,SO03,NEW_USER_Q1,New User Acquisition,Referral,Desktop,Returning,8695.41,7206.48,15901.89,1889,1764,125,459,483,24,91760.85,75858.96,52.02,268,18963.6,0.31,87269,2258,0.0259,0.7812,52.28,89,9
3/12/2025,Midwest,MI02,NEW_USER_Q1,New User Acquisition,Paid Search,Desktop,New,8310.71,12904.87,21215.58,1651,1495,156,215,218,3,161483.43,140267.85,108.02,490,122039.47,0.65,84692,4348,0.0513,0.3438,42.29,6,6.4
3/12/2025,West,WE01,NEW_USER_Q1,New User Acquisition,Email,Mobile,Returning,8979.3,6872.27,15851.57,231,224,7,133,225,92,16676.93,825.36,74.45,118,23338.34,0.31,94330,8785,0.0931,0.0255,32.95,8,7.1
3/12/2025,Northeast,NO04,NEW_USER_Q1,New User Acquisition,Social,Desktop,Lapsed,4956.52,4759.87,9716.39,1005,865,140,320,353,33,101471.14,91754.75,117.31,135,12353.24,0.27,38099,1865,0.049,0.4638,101.85,45,7.9
3/12/2025,Northeast,NO04,NEW_USER_Q1,New User Acquisition,Email,Desktop,Returning,9548.91,11563.52,21112.43,1139,995,144,196,147,-49,36572.87,15460.44,36.76,134,21681.23,0.7,6269,711,0.1134,1.3994,88.1,53,6.4
3/12/2025,Southeast,SO01,NEW_USER_Q1,New User Acquisition,Paid Search,Desktop,Returning,5242.11,9408.49,14650.6,1241,1169,72,180,295,115,103480.05,88829.45,88.52,122,14189.47,0.61,75554,3590,0.0475,0.3256,103.03,17,8.6
3/12/2025,Northeast,NO01,CUST_RET_Q1,Customer Retargeting,Email,Mobile,Returning,4863.79,12451.49,17315.28,684,608,76,405,478,73,67079.04,49763.76,110.33,461,80467.4,0.46,50297,6303,0.1253,0.0965,107.13,8,6.5
3/12/2025,Northeast,NO03,NEW_USER_Q1,New User Acquisition,Social,Desktop,Lapsed,8341.85,1784.03,10125.88,266,260,6,331,345,14,26322.76,16196.88,101.24,166,26569.2,0.7,97213,9524,0.098,0.0273,65.55,0,6.2
3/12/2025,Northeast,NO04,CUST_RET_Q1,Customer Retargeting,Paid Search,Desktop,Lapsed,4950.38,9376.29,14326.67,232,198,34,207,185,-22,12282.64,-2044.03,62.03,163,17685.72,0.25,72325,914,0.0126,0.2166,33.23,6,6.5
3/12/2025,Southeast,SO05,CUST_RET_Q1,Customer Retargeting,Email,Mobile,New,9581.23,13926.19,23507.42,1015,917,98,228,253,25,57256.47,33749.05,62.44,478,102932.57,0.26,10705,140,0.0131,6.55,69.97,3,7.2
3/12/2025,Southeast,SO02,INC_Q1_BONUS,Winter Shopper Incentive,Referral,Desktop,Returning,3957.04,12665.84,16622.88,1655,1535,120,355,385,30,138521.09,121898.21,90.24,405,41686.32,0.29,36079,2531,0.0702,0.6065,68.23,47,7.4
3/12/2025,Northeast,NO03,CUST_RET_Q1,Customer Retargeting,Social,Desktop,Returning,9362.04,2065.19,11427.23,469,447,22,135,103,-32,25719.37,14292.14,57.54,447,123921.56,0.77,81268,855,0.0105,0.5228,86.82,10,7
3/12/2025,Northeast,NO04,INC_Q1_BONUS,Winter Shopper Incentive,Paid Search,Desktop,New,6939.75,7680.24,14619.99,911,784,127,87,135,48,78609.78,63989.79,100.27,240,40912.4,0.54,49328,6430,0.1304,0.1219,93.02,27,6.6
3/12/2025,Midwest,MI04,CUST_RET_Q1,Customer Retargeting,Referral,Desktop,New,8224.5,1467.64,9692.14,1877,1657,220,102,200,98,82983.58,73291.44,50.08,459,84036.9,0.36,28075,4077,0.1452,0.4064,116.72,13,8.4
3/12/2025,Midwest,MI01,LOYALTY_Q1,Loyalty Rewards,Referral,Mobile,Lapsed,849.39,13660.66,14510.05,861,815,46,483,622,139,71706.7,57196.65,87.98,23,3999.27,0.5,10305,1393,0.1352,0.5851,94.36,34,7.5
3/12/2025,Northeast,NO04,CUST_RET_Q1,Customer Retargeting,Referral,Mobile,New,6337,1392.07,7729.07,538,475,63,408,393,-15,18063.98,10334.91,38.03,155,10727.92,0.44,20198,1820,0.0901,0.261,108.07,19,6.4
3/13/2025,Northeast,NO03,INC_Q1_BONUS,Winter Shopper Incentive,Paid Search,Mobile,Returning,6273.5,8177.64,14451.14,1453,1245,208,362,480,118,48111.56,33660.42,38.64,268,68755.78,0.68,74781,10893,0.1457,0.1143,109.54,19,9
3/13/2025,Northeast,NO02,CUST_RET_Q1,Customer Retargeting,Paid Search,Mobile,Returning,4211.48,3679.99,7891.47,239,225,14,146,100,-46,20985.73,13094.26,93.27,343,69072.03,0.35,86024,4301,0.05,0.0523,68.95,2,8
3/13/2025,Midwest,MI04,NEW_USER_Q1,New User Acquisition,Email,Desktop,New,4153.81,7427.74,11581.55,1368,1204,164,109,64,-45,105855.58,94274.03,87.92,67,14804.76,0.52,23553,3325,0.1412,0.3621,58.06,5,6.5
3/13/2025,Southeast,SO01,NEW_USER_Q1,New User Acquisition,Social,Desktop,Lapsed,5045.67,9197.89,14243.56,1023,987,36,489,477,-12,116019.19,101775.63,117.55,216,40194.62,0.34,77441,3979,0.0514,0.2481,113.93,33,7.5
3/13/2025,Midwest,MI03,NEW_USER_Q1,New User Acquisition,Paid Search,Mobile,Lapsed,1031.3,2990.54,4021.84,1988,1826,162,290,320,30,189253.9,185232.06,103.64,235,63776.62,0.21,30283,2726,0.09,0.6698,59.85,14,7.8
3/13/2025,Northeast,NO03,NEW_USER_Q1,New User Acquisition,Referral,Desktop,New,9829.74,6475.29,16305.03,988,857,131,62,122,60,68505.46,52200.43,79.94,32,3857.24,0.34,16932,1393,0.0823,0.6152,75.43,35,6.3
3/13/2025,Northeast,NO02,INC_Q1_BONUS,Winter Shopper Incentive,Email,Mobile,Returning,3721.74,1987.07,5708.81,1889,1888,1,136,270,134,175013.8,169304.99,92.7,223,27114.91,0.66,18333,1365,0.0745,1.3832,73.95,47,7.2
3/13/2025,Southeast,SO04,NEW_USER_Q1,New User Acquisition,Paid Search,Desktop,Lapsed,2859.85,10587.14,13446.99,910,874,36,189,184,-5,92842.55,79395.56,106.23,475,62559.91,0.3,89151,6116,0.0686,0.1429,106.52,10,7.6
3/14/2025,West,WE02,INC_Q1_BONUS,Winter Shopper Incentive,Social,Desktop,New,9673.5,12317.56,21991.06,876,746,130,435,468,33,32900.5,10909.44,44.1,453,36470.83,0.5,81077,5249,0.0647,0.1421,46.4,3,6.9
3/14/2025,Midwest,MI03,NEW_USER_Q1,New User Acquisition,Referral,Mobile,New,5207.17,10637.63,15844.8,141,129,12,340,420,80,3583.17,-12261.63,27.78,117,26169.87,0.36,89929,2197,0.0244,0.0587,58.31,2,8.8
3/14/2025,Southeast,SO02,CUST_RET_Q1,Customer Retargeting,Referral,Desktop,Returning,2183.33,5119.73,7303.06,1318,1269,49,162,126,-36,84057.44,76754.38,66.24,114,24610.42,0.45,7305,948,0.1298,1.3386,62.11,11,8.7
3/14/2025,Midwest,MI04,LOYALTY_Q1,Loyalty Rewards,Social,Mobile,New,3053.58,3781.02,6834.6,1562,1417,145,394,468,74,112516.81,105682.21,79.4,30,4698.75,0.57,7191,250,0.0348,5.668,95.08,9,7.6
3/14/2025,Midwest,MI03,NEW_USER_Q1,New User Acquisition,Paid Search,Mobile,New,5276.44,3022.11,8298.55,191,183,8,498,524,26,12511.96,4213.41,68.37,458,23872.74,0.66,7861,392,0.0499,0.4668,79.86,3,8.9
3/14/2025,Southeast,SO02,NEW_USER_Q1,New User Acquisition,Referral,Mobile,Returning,3760.15,8862.18,12622.33,1984,1913,71,59,81,22,208059.47,195437.14,108.76,165,27779.19,0.57,26017,3005,0.1155,0.6366,117.13,77,8.7
3/14/2025,Southeast,SO05,LOYALTY_Q1,Loyalty Rewards,Referral,Mobile,Returning,5082.38,10840.13,15922.51,1729,1680,49,263,286,23,144747.3,128824.79,86.16,40,3891.39,0.54,15367,1344,0.0875,1.25,46.95,52,6.2
3/14/2025,Midwest,MI01,NEW_USER_Q1,New User Acquisition,Paid Search,Desktop,New,7237.22,3804.76,11041.98,320,308,12,460,417,-43,15699.66,4657.68,50.97,329,80769.65,0.67,64138,3314,0.0517,0.0929,89.38,8,8.1
3/14/2025,Midwest,MI03,NEW_USER_Q1,New User Acquisition,Paid Search,Desktop,Lapsed,3281.04,2108.61,5389.65,1383,1362,21,304,333,29,87711.19,82321.54,64.4,487,59276.04,0.36,41642,6242,0.1499,0.2182,54.12,68,6.9
3/14/2025,West,WE01,INC_Q1_BONUS,Winter Shopper Incentive,Email,Desktop,Lapsed,4086.68,12041.61,16128.29,1320,1307,13,336,288,-48,37606.82,21478.53,28.77,364,100423.9,0.34,4044,492,0.1217,2.6565,62.6,38,7
3/14/2025,Southeast,SO03,NEW_USER_Q1,New User Acquisition,Paid Search,Mobile,New,1249.07,5016.65,6265.72,1101,940,161,446,479,33,69364.76,63099.04,73.79,245,22347.48,0.3,57088,7049,0.1235,0.1334,67.07,40,7.7
3/14/2025,Midwest,MI02,NEW_USER_Q1,New User Acquisition,Paid Search,Mobile,Returning,9672.42,8377.48,18049.9,1572,1550,22,450,542,92,77923.05,59873.15,50.27,345,82381.09,0.68,91574,7179,0.0784,0.2159,40.25,57,6.8
3/14/2025,Northeast,NO01,LOYALTY_Q1,Loyalty Rewards,Social,Desktop,Lapsed,7333.05,2771.38,10104.43,711,680,31,123,96,-27,39296.22,29191.79,57.79,125,6941.66,0.58,16523,2111,0.1278,0.3221,107.74,16,7.2
3/14/2025,Southeast,SO05,CUST_RET_Q1,Customer Retargeting,Referral,Mobile,New,8443.07,10493.02,18936.09,1591,1475,116,64,185,121,153647.09,134711,104.17,330,97897.69,0.36,84574,2469,0.0292,0.5974,78.46,32,7.7
3/15/2025,Midwest,MI04,INC_Q1_BONUS,Winter Shopper Incentive,Email,Desktop,New,2096.13,11316.23,13412.36,1349,1242,107,198,297,99,27775.91,14363.55,22.36,152,16349.35,0.32,92658,3935,0.0425,0.3156,65.18,56,7.5
3/15/2025,Northeast,NO04,CUST_RET_Q1,Customer Retargeting,Referral,Mobile,Lapsed,3469.68,6749.56,10219.24,890,839,51,369,403,34,95188.23,84968.99,113.45,215,30849.66,0.73,18118,1935,0.1068,0.4336,116.91,43,6.2
3/15/2025,Southeast,SO03,NEW_USER_Q1,New User Acquisition,Referral,Mobile,New,6408.4,9495.1,15903.5,1129,992,137,153,249,96,70321.42,54417.92,70.89,266,60754.89,0.32,68359,8987,0.1315,0.1104,68.89,56,6.3
3/15/2025,Northeast,NO02,INC_Q1_BONUS,Winter Shopper Incentive,Referral,Desktop,New,5850.06,14212.84,20062.9,1525,1499,26,393,536,143,51392.6,31329.7,34.28,67,5246.83,0.54,48078,3692,0.0768,0.406,119.51,8,6.2
3/15/2025,Northeast,NO05,CUST_RET_Q1,Customer Retargeting,Paid Search,Mobile,Lapsed,9154.65,14904.29,24058.94,413,406,7,121,210,89,38936.54,14877.6,95.9,38,2042.49,0.3,46440,5955,0.1282,0.0682,82.41,2,8.5
3/15/2025,Southeast,SO02,LOYALTY_Q1,Loyalty Rewards,Referral,Desktop,New,7297.31,2534.79,9832.1,416,372,44,163,187,24,28563.21,18731.11,76.78,68,19668.86,0.24,70284,8997,0.128,0.0413,72.31,1,8.5
3/15/2025,West,WE03,CUST_RET_Q1,Customer Retargeting,Paid Search,Mobile,New,9707.87,9521.58,19229.45,1364,1358,6,400,372,-28,104272.8,85043.35,76.78,52,10532.32,0.29,70806,6287,0.0888,0.216,115.53,64,6.9
3/15/2025,Southeast,SO05,INC_Q1_BONUS,Winter Shopper Incentive,Email,Mobile,Returning,4409.78,3222.61,7632.39,519,498,21,299,371,72,46645.51,39013.12,93.67,421,95175.92,0.35,65509,6086,0.0929,0.0818,109.08,25,6.9
3/15/2025,West,WE05,CUST_RET_Q1,Customer Retargeting,Social,Desktop,Lapsed,6092.55,11897.54,17990.09,629,559,70,313,336,23,44365.18,26375.09,79.37,111,17383.73,0.52,64783,6325,0.0976,0.0884,32.75,5,6.9
3/15/2025,Midwest,MI01,LOYALTY_Q1,Loyalty Rewards,Email,Mobile,Returning,5470.24,13588.03,19058.27,1047,1007,40,360,483,123,101789.63,82731.36,101.08,362,38580.54,0.21,88829,12731,0.1433,0.0791,101.37,1,6.4
3/15/2025,Southeast,SO02,CUST_RET_Q1,Customer Retargeting,Social,Mobile,Returning,7556.38,7668.57,15224.95,830,762,68,351,364,13,27297.83,12072.88,35.82,151,31725.5,0.46,60612,1642,0.0271,0.4641,40.14,28,8.2
3/15/2025,Southeast,SO01,LOYALTY_Q1,Loyalty Rewards,Social,Mobile,Lapsed,3781.74,11657.8,15439.54,510,493,17,472,600,128,17639.58,2200.04,35.78,71,17877.44,0.59,41068,2149,0.0523,0.2294,41.86,6,6.4
3/15/2025,Southeast,SO03,NEW_USER_Q1,New User Acquisition,Referral,Desktop,New,9359.98,13523.3,22883.28,1221,1183,38,310,450,140,139877.33,116994.05,118.24,259,37044.78,0.57,9988,1076,0.1077,1.0994,43.76,22,8.8
3/16/2025,Southeast,SO05,INC_Q1_BONUS,Winter Shopper Incentive,Referral,Desktop,New,9019.49,7635.46,16654.95,192,191,1,110,181,71,8095.52,-8559.43,42.38,286,26378.86,0.37,37668,544,0.0144,0.3511,79.38,4,7.4
3/16/2025,Northeast,NO02,CUST_RET_Q1,Customer Retargeting,Social,Mobile,Returning,3368.21,11655.24,15023.45,835,772,63,326,321,-5,21325.67,6302.22,27.62,303,85496.02,0.66,66101,5719,0.0865,0.135,68.95,29,7.7
3/16/2025,Midwest,MI02,NEW_USER_Q1,New User Acquisition,Referral,Mobile,Returning,5980.15,7495.74,13475.89,155,133,22,407,449,42,5669.46,-7806.43,42.63,68,13512.41,0.64,15011,1446,0.0963,0.092,107.71,3,6.3
3/16/2025,West,WE01,INC_Q1_BONUS,Winter Shopper Incentive,Paid Search,Desktop,Returning,8530.63,11180.28,19710.91,626,582,44,83,135,52,48149.68,28438.77,82.73,38,9429.13,0.31,41524,5692,0.1371,0.1022,95.68,27,8.5
3/16/2025,Southeast,SO05,CUST_RET_Q1,Customer Retargeting,Email,Mobile,Lapsed,8037.65,13809.02,21846.67,1090,961,129,162,220,58,61784.04,39937.37,64.29,298,83004.66,0.53,44563,4748,0.1065,0.2024,95.24,43,7.3
3/16/2025,Midwest,MI05,CUST_RET_Q1,Customer Retargeting,Social,Mobile,New,3523.42,4360.98,7884.4,1285,1267,18,451,419,-32,67596.02,59711.62,53.35,282,81780.84,0.69,25016,2123,0.0849,0.5968,61.37,52,6.8
3/16/2025,Southeast,SO03,LOYALTY_Q1,Loyalty Rewards,Referral,Mobile,Returning,3660.24,8044.93,11705.17,494,450,44,105,92,-13,28319.46,16614.29,62.93,119,13691.29,0.31,72303,10201,0.1411,0.0441,83.24,22,8.2
3/16/2025,Midwest,MI01,CUST_RET_Q1,Customer Retargeting,Email,Desktop,New,1247.97,10520.86,11768.83,162,151,11,445,435,-10,12238.64,469.81,81.05,288,46318.09,0.23,10327,1164,0.1127,0.1297,85.88,5,7.9
3/17/2025,West,WE04,INC_Q1_BONUS,Winter Shopper Incentive,Paid Search,Mobile,Returning,6138.83,2023.14,8161.97,985,839,146,439,392,-47,86365.96,78203.99,102.94,294,81430.56,0.77,95826,6260,0.0653,0.134,115.76,33,8.3
3/17/2025,Northeast,NO02,INC_Q1_BONUS,Winter Shopper Incentive,Paid Search,Desktop,New,8138.91,6963.13,15102.04,1910,1832,78,222,342,120,70832.44,55730.4,38.66,197,47649.32,0.38,85078,8201,0.0964,0.2234,106.5,82,6.7
3/17/2025,West,WE01,CUST_RET_Q1,Customer Retargeting,Paid Search,Mobile,Returning,5300.86,10519.6,15820.46,1916,1842,74,220,184,-36,61901.56,46081.1,33.61,95,16470.15,0.75,57799,2592,0.0448,0.7106,63.51,3,6.2
3/17/2025,West,WE05,INC_Q1_BONUS,Winter Shopper Incentive,Social,Mobile,Returning,7067.37,13639.61,20706.98,1936,1837,99,248,212,-36,73283.4,52576.42,39.89,55,10684.63,0.59,85216,7373,0.0865,0.2492,69.24,94,7.1
3/17/2025,Southeast,SO01,NEW_USER_Q1,New User Acquisition,Referral,Mobile,Lapsed,647.23,3334.7,3981.93,1021,897,124,328,421,93,39589.07,35607.14,44.13,421,28765.44,0.74,71864,6259,0.0871,0.1433,103.51,50,8.4
3/17/2025,Northeast,NO05,NEW_USER_Q1,New User Acquisition,Email,Mobile,Lapsed,7079.44,9006.57,16086.01,546,527,19,217,210,-7,51871.55,35785.54,98.43,444,67712.64,0.49,25853,1265,0.0489,0.4166,59.21,10,8.3
3/17/2025,Northeast,NO05,INC_Q1_BONUS,Winter Shopper Incentive,Paid Search,Mobile,Returning,4069.71,14754.76,18824.47,1038,1031,7,350,425,75,109693.97,90869.5,106.4,289,41477.33,0.36,56476,3414,0.0605,0.302,119,22,7.4
3/18/2025,Midwest,MI03,CUST_RET_Q1,Customer Retargeting,Referral,Mobile,Returning,6964.34,6537.63,13501.97,1618,1520,98,81,41,-40,136037.25,122535.28,89.5,298,85872.32,0.74,50930,3935,0.0773,0.3863,39.44,16,6.3
3/18/2025,Southeast,SO05,LOYALTY_Q1,Loyalty Rewards,Email,Mobile,Lapsed,7933.05,14895.2,22828.25,1432,1364,68,63,130,67,126885.19,104056.94,93.02,225,33712.46,0.45,44894,4297,0.0957,0.3174,31.5,18,7
3/18/2025,Midwest,MI04,LOYALTY_Q1,Loyalty Rewards,Email,Desktop,New,9163.62,1853,11016.62,127,117,10,74,81,7,2415.63,-8600.99,20.65,143,39611.54,0.35,1901,25,0.0132,4.68,82.63,2,6.5
3/18/2025,Midwest,MI01,NEW_USER_Q1,New User Acquisition,Paid Search,Desktop,Lapsed,3213.01,14462.56,17675.57,1619,1421,198,194,256,62,42443.17,24767.6,29.87,407,31597.77,0.33,56612,3999,0.0706,0.3553,101.97,72,7.3
3/18/2025,West,WE04,CUST_RET_Q1,Customer Retargeting,Paid Search,Mobile,Lapsed,6390.01,5763.12,12153.13,555,495,60,161,304,143,18841.52,6688.39,38.06,447,108259.4,0.36,93264,1060,0.0114,0.467,36.76,3,7.4
3/18/2025,West,WE04,NEW_USER_Q1,New User Acquisition,Referral,Desktop,Lapsed,1007.86,7239.69,8247.55,1200,1077,123,294,309,15,75169.06,66921.51,69.79,479,60551.41,0.56,18276,194,0.0106,5.5515,36.52,32,8.3
3/18/2025,Northeast,NO03,CUST_RET_Q1,Customer Retargeting,Social,Desktop,Returning,5669.74,1112.11,6781.85,1822,1642,180,467,593,126,105000.21,98218.36,63.95,96,21994.87,0.35,40159,5806,0.1446,0.2828,83.93,59,8.8
3/18/2025,West,WE05,LOYALTY_Q1,Loyalty Rewards,Social,Desktop,Lapsed,7047.99,14147.53,21195.52,820,727,93,182,319,137,52403.29,31207.77,72.08,317,35843.11,0.55,64146,6577,0.1025,0.1105,59.06,28,7.1
3/18/2025,Midwest,MI02,LOYALTY_Q1,Loyalty Rewards,Referral,Mobile,Returning,5409.95,4687.09,10097.04,387,338,49,264,238,-26,20901.07,10804.03,61.84,468,107717.74,0.53,40015,3569,0.0892,0.0947,62.89,4,6.7
3/18/2025,Midwest,MI01,CUST_RET_Q1,Customer Retargeting,Referral,Mobile,Lapsed,4998.91,6757.53,11756.44,221,218,3,299,305,6,4365.25,-7391.19,20.02,153,29828.18,0.42,73976,2061,0.0279,0.1058,97.88,8,6.4
3/18/2025,Midwest,MI05,NEW_USER_Q1,New User Acquisition,Social,Mobile,New,659.67,8282.98,8942.65,1382,1251,131,160,270,110,37937.68,28995.03,30.33,28,5068.26,0.54,72854,9301,0.1277,0.1345,91.44,50,7.4
3/18/2025,Northeast,NO02,INC_Q1_BONUS,Winter Shopper Incentive,Email,Mobile,New,1752.45,10300.82,12053.27,1188,1071,117,383,364,-19,25585.74,13532.47,23.89,369,29155.93,0.21,64123,3294,0.0514,0.3251,115.05,27,8.1
3/18/2025,Northeast,NO05,NEW_USER_Q1,New User Acquisition,Social,Desktop,New,3462.96,7212.34,10675.3,234,223,11,489,615,126,24376.99,13701.69,109.31,317,58149.05,0.47,48796,676,0.0139,0.3299,104.15,1,7.9
3/18/2025,Midwest,MI04,NEW_USER_Q1,New User Acquisition,Social,Mobile,New,1744.85,5804.47,7549.32,827,734,93,319,407,88,51471.05,43921.73,70.12,171,51132.38,0.43,13587,985,0.0725,0.7452,62.65,27,7.5
3/19/2025,Southeast,SO03,CUST_RET_Q1,Customer Retargeting,Social,Desktop,New,4107.96,13086.67,17194.63,915,894,21,461,527,66,90630.71,73436.08,101.38,162,23497.92,0.44,12556,558,0.0444,1.6022,72.9,42,8.3
3/19/2025,West,WE03,LOYALTY_Q1,Loyalty Rewards,Social,Desktop,Lapsed,6220.11,9279.69,15499.8,1002,995,7,97,119,22,25817.42,10317.62,25.95,438,69986.9,0.71,81018,4347,0.0537,0.2289,53.04,4,7.5
3/19/2025,Southeast,SO02,LOYALTY_Q1,Loyalty Rewards,Paid Search,Desktop,Returning,4657.78,4289.63,8947.41,1438,1330,108,439,509,70,97660.64,88713.23,73.43,177,11136.34,0.5,40194,3115,0.0775,0.427,40.66,63,8.1
3/19/2025,Southeast,SO02,LOYALTY_Q1,Loyalty Rewards,Social,Mobile,Lapsed,2612.43,8269.14,10881.57,1663,1491,172,216,212,-4,88123,77241.43,59.1,156,20891.28,0.65,55935,5385,0.0963,0.2769,80.12,46,8.3
3/19/2025,Northeast,NO04,LOYALTY_Q1,Loyalty Rewards,Email,Desktop,Lapsed,8992.86,5724.72,14717.58,926,904,22,304,322,18,33911.13,19193.55,37.51,354,19933.51,0.35,77537,6441,0.0831,0.1404,83,3,6
3/19/2025,Midwest,MI02,LOYALTY_Q1,Loyalty Rewards,Referral,Desktop,Lapsed,8589.6,3192.58,11782.18,204,187,17,481,432,-49,4690.96,-7091.22,25.09,271,20147.27,0.38,45252,6413,0.1417,0.0292,90.38,1,7.4
3/19/2025,Southeast,SO03,INC_Q1_BONUS,Winter Shopper Incentive,Referral,Mobile,Lapsed,9122.98,5264.9,14387.88,304,298,6,217,263,46,24259.9,9872.02,81.41,195,21172.37,0.55,52553,7879,0.1499,0.0378,105.17,14,6.9
3/19/2025,Southeast,SO01,LOYALTY_Q1,Loyalty Rewards,Email,Mobile,Lapsed,568.59,5432.35,6000.94,1903,1718,185,102,150,48,168795.56,162794.62,98.25,410,57304.75,0.23,64238,7283,0.1134,0.2359,102.55,66,7.1
3/19/2025,Southeast,SO03,INC_Q1_BONUS,Winter Shopper Incentive,Referral,Mobile,Lapsed,1509.91,13694.39,15204.3,923,889,34,478,595,117,104669.88,89465.58,117.74,422,69805.04,0.32,12969,1626,0.1254,0.5467,98.96,31,7.7
3/20/2025,Midwest,MI03,NEW_USER_Q1,New User Acquisition,Email,Mobile,New,6956.65,4055.55,11012.2,1928,1866,62,476,549,73,115240.57,104228.37,61.76,449,121701.34,0.56,30757,2948,0.0958,0.633,45.03,51,6.2
3/20/2025,Midwest,MI01,INC_Q1_BONUS,Winter Shopper Incentive,Referral,Desktop,New,3714.49,14097.32,17811.81,1393,1227,166,382,416,34,95884.4,78072.59,78.15,238,69487.94,0.73,43372,1488,0.0343,0.8246,92.12,46,7.4
3/20/2025,Northeast,NO03,NEW_USER_Q1,New User Acquisition,Paid Search,Mobile,Lapsed,4694.7,14229.79,18924.49,1179,1132,47,363,475,112,118109.86,99185.37,104.34,153,20271.54,0.78,36367,1740,0.0478,0.6506,102.32,58,8.9
3/20/2025,Midwest,MI01,INC_Q1_BONUS,Winter Shopper Incentive,Email,Mobile,New,952.34,14427.83,15380.17,775,688,87,320,379,59,71194.14,55813.97,103.48,361,63040.93,0.41,43637,813,0.0186,0.8462,48.79,14,6.3
3/20/2025,Southeast,SO01,NEW_USER_Q1,New User Acquisition,Referral,Mobile,Lapsed,6164.2,9042.07,15206.27,1756,1645,111,249,378,129,123826.96,108620.69,75.27,85,10463.56,0.44,61616,7944,0.1289,0.2071,74.98,59,7.1
3/20/2025,Midwest,MI02,NEW_USER_Q1,New User Acquisition,Email,Mobile,Returning,712.29,3401.18,4113.47,1269,1153,116,189,289,100,120806.53,116693.06,104.78,73,6980.19,0.57,13417,628,0.0468,1.836,93.92,3,8.8
3/20/2025,West,WE01,INC_Q1_BONUS,Winter Shopper Incentive,Email,Desktop,Lapsed,4863.29,8917.01,13780.3,197,186,11,88,75,-13,7144.82,-6635.48,38.41,106,30514.15,0.58,55435,842,0.0152,0.2209,42.67,5,6.2
3/20/2025,West,WE03,LOYALTY_Q1,Loyalty Rewards,Social,Mobile,Lapsed,1125.01,12335.76,13460.77,1363,1321,42,229,194,-35,69551.16,56090.39,52.65,318,31536.57,0.65,81225,8439,0.1039,0.1565,62.64,49,8.4
3/21/2025,Midwest,MI01,NEW_USER_Q1,New User Acquisition,Paid Search,Mobile,New,4230.94,8747.2,12978.14,646,582,64,474,541,67,57879.06,44900.92,99.45,96,24909.8,0.72,17322,1178,0.068,0.4941,31.19,8,6.5
3/21/2025,Southeast,SO01,LOYALTY_Q1,Loyalty Rewards,Email,Desktop,New,6777.59,11449.08,18226.67,692,691,1,374,392,18,77439.78,59213.11,112.07,25,3602.59,0.54,27312,1874,0.0686,0.3687,49.77,8,7.7
3/21/2025,West,WE03,CUST_RET_Q1,Customer Retargeting,Social,Mobile,Returning,5042.51,11751.58,16794.09,678,595,83,83,129,46,67714.82,50920.73,113.81,160,37828.71,0.7,44601,6216,0.1394,0.0957,103.83,13,8
3/21/2025,West,WE05,CUST_RET_Q1,Customer Retargeting,Social,Mobile,New,8819.31,12219.84,21039.15,403,347,56,466,451,-15,34394.54,13355.39,99.12,158,41338.11,0.5,79948,2808,0.0351,0.1236,98.9,1,8.2
3/21/2025,West,WE04,LOYALTY_Q1,Loyalty Rewards,Social,Desktop,Returning,6868.04,9993.97,16862.01,1996,1975,21,214,295,81,106947.65,90085.64,54.15,131,31717.32,0.33,86195,3848,0.0446,0.5133,37.17,16,6.6
3/21/2025,West,WE04,INC_Q1_BONUS,Winter Shopper Incentive,Referral,Mobile,Returning,3536.66,6335.53,9872.19,1583,1510,73,94,229,135,90699.34,80827.15,60.07,41,10480.12,0.5,88789,4238,0.0477,0.3563,39.02,73,7.2
3/21/2025,Southeast,SO04,NEW_USER_Q1,New User Acquisition,Paid Search,Desktop,New,2337.1,8519.11,10856.21,1808,1606,202,133,255,122,44756.6,33900.39,27.87,142,28994.2,0.58,23277,1069,0.0459,1.5023,39.08,68,8
3/21/2025,Northeast,NO01,CUST_RET_Q1,Customer Retargeting,Referral,Desktop,New,8597.38,5789.33,14386.71,1273,1109,164,368,458,90,36662.03,22275.32,33.06,283,48247.56,0.23,42098,4194,0.0996,0.2644,119.14,35,7.1
3/22/2025,Southeast,SO01,LOYALTY_Q1,Loyalty Rewards,Referral,Mobile,Returning,6127.87,12545.53,18673.4,1691,1605,86,89,129,40,170851.11,152177.71,106.45,298,80357.93,0.68,20623,914,0.0443,1.756,44.16,47,8.1
3/22/2025,West,WE02,CUST_RET_Q1,Customer Retargeting,Paid Search,Mobile,New,1033.29,12938.19,13971.48,1021,1001,20,398,411,13,38648.75,24677.27,38.61,58,9210.12,0.76,27201,578,0.0212,1.7318,95.51,49,8.7
3/22/2025,Northeast,NO03,NEW_USER_Q1,New User Acquisition,Email,Desktop,Returning,708.83,12237.76,12946.59,1105,998,107,393,348,-45,45591.64,32645.05,45.68,353,79198.34,0.59,2313,346,0.1496,2.8844,30.2,21,6.5
3/22/2025,Midwest,MI04,INC_Q1_BONUS,Winter Shopper Incentive,Social,Mobile,New,9842.18,12775.5,22617.68,1452,1252,200,496,641,145,121628.46,99010.78,97.15,450,53926.33,0.41,52428,908,0.0173,1.3789,100.46,11,6.1
3/22/2025,West,WE03,NEW_USER_Q1,New User Acquisition,Paid Search,Mobile,New,2292.01,8110.56,10402.57,953,892,61,159,207,48,74111.91,63709.34,83.09,80,18412.33,0.5,53234,7387,0.1388,0.1208,34.96,37,8.2
3/22/2025,Northeast,NO05,CUST_RET_Q1,Customer Retargeting,Email,Mobile,Lapsed,4652.68,10873.97,15526.65,399,350,49,184,331,147,23657.43,8130.78,67.59,68,9398.91,0.29,52952,3787,0.0715,0.0924,56.81,7,6.2
3/22/2025,West,WE05,NEW_USER_Q1,New User Acquisition,Paid Search,Mobile,Returning,3410.91,8012.11,11423.02,1106,1092,14,101,168,67,113604.72,102181.7,104.03,64,17669.67,0.25,10754,363,0.0338,3.0083,47.08,11,6.2
3/22/2025,Southeast,SO03,NEW_USER_Q1,New User Acquisition,Paid Search,Mobile,Returning,1598.31,2439.48,4037.79,515,473,42,170,122,-48,15520.79,11483,32.81,236,69643.1,0.43,48878,3405,0.0697,0.1389,41.79,25,6.4
3/22/2025,Southeast,SO01,INC_Q1_BONUS,Winter Shopper Incentive,Referral,Desktop,Lapsed,4413.03,2027.38,6440.41,206,203,3,362,408,46,6197.45,-242.96,30.53,46,6075.55,0.72,85719,3683,0.043,0.0551,52,10,8.1
3/23/2025,Southeast,SO01,LOYALTY_Q1,Loyalty Rewards,Paid Search,Mobile,New,3747.26,4631.93,8379.19,1509,1364,145,168,257,89,140581.27,132202.08,103.07,302,46010.58,0.53,63516,3253,0.0512,0.4193,115.36,23,6.3
3/23/2025,Northeast,NO03,INC_Q1_BONUS,Winter Shopper Incentive,Referral,Mobile,Lapsed,8880.29,6508.27,15388.56,1789,1633,156,433,524,91,152003.06,136614.5,93.08,323,95248.73,0.29,35521,1305,0.0367,1.2513,60.44,88,8.8
3/23/2025,West,WE04,NEW_USER_Q1,New User Acquisition,Email,Mobile,Lapsed,9144.46,6282.45,15426.91,790,682,108,235,341,106,40077.65,24650.74,58.76,484,126354.09,0.61,72854,2431,0.0334,0.2805,94.17,12,6.5
3/23/2025,West,WE04,NEW_USER_Q1,New User Acquisition,Paid Search,Mobile,Lapsed,5622.32,4571.31,10193.63,996,982,14,133,277,144,40523.63,30330,41.27,395,101356.04,0.62,75308,9802,0.1302,0.1002,71.73,37,8.8
3/23/2025,Southeast,SO02,CUST_RET_Q1,Customer Retargeting,Referral,Mobile,Returning,5604.12,10479.74,16083.86,483,414,69,96,84,-12,12534.61,-3549.25,30.28,99,16225.28,0.73,38534,1143,0.0297,0.3622,68.23,16,6.5
3/23/2025,Southeast,SO05,LOYALTY_Q1,Loyalty Rewards,Paid Search,Mobile,Lapsed,2732.8,10131.94,12864.74,725,681,44,369,420,51,14771.76,1907.02,21.69,219,60915.13,0.31,94144,11558,0.1228,0.0589,36.91,13,8
3/23/2025,West,WE04,LOYALTY_Q1,Loyalty Rewards,Social,Desktop,New,8403.44,6649.28,15052.72,1028,1017,11,487,453,-34,113677.48,98624.76,111.78,335,83243.74,0.49,1595,140,0.0878,7.2643,118.05,23,8.8
3/23/2025,Southeast,SO05,LOYALTY_Q1,Loyalty Rewards,Social,Mobile,Returning,4548.16,8732.5,13280.66,1906,1710,196,366,463,97,183781.75,170501.09,107.47,114,32524.62,0.72,58888,5127,0.0871,0.3335,104.33,53,6.4
3/23/2025,Southeast,SO03,NEW_USER_Q1,New User Acquisition,Paid Search,Mobile,New,2395.93,1528.98,3924.91,322,310,12,285,320,35,13360.36,9435.45,43.1,410,102619.32,0.43,68421,4669,0.0682,0.0664,118.01,10,8.8
3/23/2025,Midwest,MI03,NEW_USER_Q1,New User Acquisition,Social,Mobile,New,7754.35,4615.7,12370.05,1487,1296,191,423,482,59,123485.09,111115.04,95.28,29,4457.65,0.66,54031,1715,0.0317,0.7557,90,70,7.2
3/23/2025,West,WE01,CUST_RET_Q1,Customer Retargeting,Email,Desktop,New,9785.01,12810.22,22595.23,1429,1287,142,256,316,60,74274.31,51679.08,57.71,426,68287.92,0.63,83104,5124,0.0617,0.2512,94.99,59,8.9
3/23/2025,Northeast,NO05,NEW_USER_Q1,New User Acquisition,Social,Mobile,New,4397.56,2491.83,6889.39,527,451,76,453,511,58,11376.28,4486.89,25.22,59,14283.9,0.25,30722,449,0.0146,1.0045,30.1,24,6.8
3/23/2025,Midwest,MI02,NEW_USER_Q1,New User Acquisition,Paid Search,Mobile,Returning,8925.61,6967.24,15892.85,1555,1529,26,86,99,13,75877.5,59984.65,49.63,398,42177.77,0.47,91941,8052,0.0876,0.1899,93.48,70,7.2
3/23/2025,Southeast,SO03,CUST_RET_Q1,Customer Retargeting,Social,Desktop,Lapsed,8464.21,8777.13,17241.34,1940,1707,233,315,284,-31,54521.69,37280.35,31.94,438,35708.25,0.44,19179,1924,0.1003,0.8872,79.21,23,8.1
3/23/2025,West,WE03,LOYALTY_Q1,Loyalty Rewards,Referral,Desktop,Lapsed,9896.21,10383.69,20279.9,155,150,5,71,88,17,7766.41,-12513.49,51.78,75,5879.15,0.27,67538,2847,0.0422,0.0527,33.2,4,6.3
3/23/2025,Southeast,SO01,INC_Q1_BONUS,Winter Shopper Incentive,Paid Search,Mobile,Lapsed,1484.24,2800.22,4284.46,1817,1805,12,440,504,64,55156.4,50871.94,30.56,72,10958.65,0.62,18426,571,0.031,3.1611,89.38,68,8.5
3/24/2025,Midwest,MI05,CUST_RET_Q1,Customer Retargeting,Email,Mobile,Returning,5672.65,1080.62,6753.27,1778,1679,99,248,340,92,150348.94,143595.67,89.55,325,60815.6,0.56,9927,618,0.0623,2.7168,50.45,10,7.8
3/24/2025,West,WE05,INC_Q1_BONUS,Winter Shopper Incentive,Paid Search,Mobile,Lapsed,2056.87,9999.46,12056.33,1956,1763,193,101,152,51,86475.94,74419.61,49.05,197,36386.54,0.24,37081,3953,0.1066,0.446,113.75,83,7.9
3/24/2025,Northeast,NO05,NEW_USER_Q1,New User Acquisition,Email,Mobile,Lapsed,8097.32,2725.26,10822.58,1930,1771,159,394,405,11,195394.08,184571.5,110.33,374,107660.09,0.31,38842,4392,0.1131,0.4032,76.16,13,7.9
3/24/2025,Midwest,MI03,INC_Q1_BONUS,Winter Shopper Incentive,Referral,Desktop,New,2565.8,6133.5,8699.3,635,622,13,201,337,136,38461.11,29761.81,61.83,333,36768.11,0.24,42269,2545,0.0602,0.2444,54.1,24,8.3
3/24/2025,Southeast,SO01,LOYALTY_Q1,Loyalty Rewards,Social,Mobile,Lapsed,9088.33,5482.54,14570.87,1052,1027,25,385,372,-13,103290.21,88719.34,100.57,343,44005.36,0.31,3597,274,0.0762,3.7482,33.52,28,7
3/24/2025,Northeast,NO04,CUST_RET_Q1,Customer Retargeting,Social,Desktop,Lapsed,2618.03,3632.82,6250.85,1423,1214,209,402,491,89,25724.4,19473.55,21.19,165,29656.17,0.56,45610,859,0.0188,1.4133,112.22,9,7.9
3/24/2025,West,WE01,CUST_RET_Q1,Customer Retargeting,Referral,Mobile,New,2875.54,6838.68,9714.22,695,620,75,335,450,115,58249.21,48534.99,93.95,306,26167.71,0.62,79655,11670,0.1465,0.0531,108.61,13,8.8
3/24/2025,Midwest,MI04,LOYALTY_Q1,Loyalty Rewards,Referral,Mobile,Returning,5306.67,4112.94,9419.61,942,934,8,156,192,36,100584.23,91164.62,107.69,396,118169.91,0.26,48801,5104,0.1046,0.183,116.42,14,7.4
3/24/2025,West,WE01,NEW_USER_Q1,New User Acquisition,Referral,Desktop,Returning,3192.28,9961.27,13153.55,545,475,70,353,434,81,39027.4,25873.85,82.16,394,38284.22,0.54,36572,2040,0.0558,0.2328,73.93,14,7.5
3/24/2025,Northeast,NO02,INC_Q1_BONUS,Winter Shopper Incentive,Paid Search,Desktop,New,2041.59,13495.59,15537.18,1098,973,125,465,463,-2,71353.8,55816.62,73.33,310,48772.3,0.65,4936,325,0.0658,2.9938,75.71,17,7
3/24/2025,Northeast,NO04,NEW_USER_Q1,New User Acquisition,Email,Desktop,Lapsed,9248.42,5815.45,15063.87,1530,1517,13,490,496,6,100749.31,85685.44,66.41,172,47673.79,0.51,72778,10107,0.1389,0.1501,114.14,18,8.1
3/24/2025,Southeast,SO01,CUST_RET_Q1,Customer Retargeting,Referral,Desktop,New,8105.92,14610.19,22716.11,321,307,14,221,327,106,23793.28,1077.17,77.5,374,20558.77,0.52,15847,1026,0.0647,0.2992,67.81,15,6.4
3/25/2025,Northeast,NO02,LOYALTY_Q1,Loyalty Rewards,Paid Search,Mobile,New,3888.95,8469.17,12358.12,404,394,10,93,98,5,30942.96,18584.84,78.54,216,40939.57,0.52,35707,1705,0.0477,0.2311,35.14,4,8.8
3/25/2025,Midwest,MI03,CUST_RET_Q1,Customer Retargeting,Paid Search,Desktop,Returning,9221.73,4920.52,14142.25,182,181,1,436,555,119,16277.61,2135.36,89.93,293,15968.98,0.78,73766,6512,0.0883,0.0278,86.54,8,6.8
3/25/2025,Northeast,NO05,NEW_USER_Q1,New User Acquisition,Paid Search,Desktop,Lapsed,1048.18,7221.11,8269.29,1981,1789,192,323,445,122,80684.15,72414.86,45.1,477,92280.57,0.45,53160,2320,0.0436,0.7711,47.24,19,6.3
3/25/2025,Midwest,MI01,NEW_USER_Q1,New User Acquisition,Social,Mobile,Lapsed,6228.88,9665.88,15894.76,1330,1299,31,271,330,59,69532.75,53637.99,53.53,240,38123.62,0.44,36903,4976,0.1348,0.2611,57.54,10,8.4
3/25/2025,Southeast,SO05,INC_Q1_BONUS,Winter Shopper Incentive,Referral,Desktop,Lapsed,5814.35,12598.83,18413.18,910,907,3,437,577,140,53980.59,35567.41,59.52,306,31432.8,0.71,98783,12126,0.1228,0.0748,115.21,19,7.1
3/25/2025,Northeast,NO02,INC_Q1_BONUS,Winter Shopper Incentive,Social,Mobile,New,3277.94,13248.56,16526.5,374,351,23,282,301,19,23129.84,6603.34,65.9,98,11088.36,0.7,79210,1959,0.0247,0.1792,81.54,3,8.6
3/25/2025,Northeast,NO04,CUST_RET_Q1,Customer Retargeting,Email,Desktop,Lapsed,7477.63,6140.43,13618.06,233,219,14,401,474,73,7149.92,-6468.14,32.65,245,32752.54,0.62,40470,4393,0.1085,0.0499,74.33,1,7.3
3/25/2025,Southeast,SO03,NEW_USER_Q1,New User Acquisition,Email,Desktop,Lapsed,7217.41,13538.16,20755.57,789,679,110,169,190,21,68040.05,47284.48,100.21,407,105548.07,0.73,71218,5237,0.0735,0.1297,83.55,18,7
3/25/2025,Southeast,SO01,LOYALTY_Q1,Loyalty Rewards,Social,Desktop,Returning,4748.59,8978.65,13727.24,117,103,14,84,167,83,6767.12,-6960.12,65.7,263,45264.39,0.28,75783,10897,0.1438,0.0095,107.09,5,7.4
3/26/2025,Northeast,NO03,CUST_RET_Q1,Customer Retargeting,Email,Mobile,Lapsed,2110.18,8795.22,10905.4,1858,1814,44,372,425,53,49053.49,38148.09,27.04,123,25061.47,0.79,36777,1676,0.0456,1.0823,56.58,89,8.2
3/26/2025,Southeast,SO01,NEW_USER_Q1,New User Acquisition,Social,Mobile,Lapsed,9079.94,9641.69,18721.63,837,755,82,147,178,31,44714.43,25992.8,59.22,356,25899.19,0.64,95456,7823,0.082,0.0965,100.53,29,7.9
3/26/2025,Southeast,SO05,NEW_USER_Q1,New User Acquisition,Referral,Mobile,Lapsed,2353.02,14447.96,16800.98,1838,1822,16,341,472,131,162861.9,146060.92,89.39,392,61233.2,0.28,2509,190,0.0757,9.5895,93.6,26,7
3/26/2025,Midwest,MI01,INC_Q1_BONUS,Winter Shopper Incentive,Referral,Desktop,New,1319.37,14111.92,15431.29,551,532,19,119,224,105,19050.51,3619.22,35.81,176,40311.24,0.28,15849,2223,0.1403,0.2393,101.97,5,6.7
3/26/2025,Southeast,SO05,NEW_USER_Q1,New User Acquisition,Social,Desktop,Lapsed,5192.88,12082.96,17275.84,1653,1547,106,65,207,142,133237.74,115961.9,86.13,65,7299.09,0.63,11857,1639,0.1382,0.9439,34.5,12,8.7
3/26/2025,West,WE05,LOYALTY_Q1,Loyalty Rewards,Referral,Mobile,New,7745.21,3820.46,11565.67,726,695,31,348,396,48,28620.05,17054.38,41.18,60,7821.94,0.3,57488,6393,0.1112,0.1087,88.01,23,7.4
3/26/2025,Midwest,MI01,LOYALTY_Q1,Loyalty Rewards,Social,Mobile,New,7273.8,4829.04,12102.84,410,398,12,226,238,12,35759.52,23656.68,89.85,344,72837.42,0.5,39839,3509,0.0881,0.1134,107.52,12,8.1
3/26/2025,Midwest,MI01,INC_Q1_BONUS,Winter Shopper Incentive,Social,Desktop,Lapsed,3929.21,11968.56,15897.77,1213,1037,176,61,170,109,95686.82,79789.05,92.27,205,43738.46,0.61,43692,3620,0.0829,0.2865,48.38,58,7
3/26/2025,West,WE03,INC_Q1_BONUS,Winter Shopper Incentive,Social,Mobile,Lapsed,8357.69,9507.49,17865.18,1251,1224,27,359,355,-4,81130.47,63265.29,66.28,425,101653.53,0.67,88988,10602,0.1191,0.1154,108.74,31,6
3/27/2025,Midwest,MI04,CUST_RET_Q1,Customer Retargeting,Email,Mobile,New,1008.11,14419.58,15427.69,175,158,17,333,410,77,10783.83,-4643.86,68.25,376,26628.73,0.26,90112,7886,0.0875,0.02,49.15,4,8.4
3/27/2025,Northeast,NO01,CUST_RET_Q1,Customer Retargeting,Social,Desktop,Returning,2094.24,2685.09,4779.33,977,958,19,376,518,142,41370.4,36591.07,43.18,10,797.85,0.51,69689,1409,0.0202,0.6799,96.96,32,8.2
3/27/2025,Midwest,MI02,LOYALTY_Q1,Loyalty Rewards,Paid Search,Desktop,Returning,5815.01,1203.48,7018.49,1811,1563,248,168,160,-8,142752.19,135733.7,91.33,66,19512.55,0.52,16926,2160,0.1276,0.7236,88.32,86,7.5
3/27/2025,Midwest,MI05,NEW_USER_Q1,New User Acquisition,Paid Search,Mobile,New,4223.69,4690.48,8914.17,1156,1056,100,52,92,40,97905.05,88990.88,92.71,236,20466.76,0.71,39712,1695,0.0427,0.623,53.71,15,8.4
3/27/2025,Northeast,NO04,NEW_USER_Q1,New User Acquisition,Referral,Desktop,Lapsed,7978.88,6722.37,14701.25,1741,1665,76,125,134,9,101033.75,86332.5,60.68,90,6406.4,0.57,46752,3764,0.0805,0.4423,88.14,85,7.6
3/27/2025,Midwest,MI01,LOYALTY_Q1,Loyalty Rewards,Paid Search,Desktop,New,6885.09,9501.21,16386.3,1956,1739,217,229,215,-14,137230.3,120844,78.91,184,30992.97,0.68,99092,2154,0.0217,0.8073,61.23,64,6.1
3/27/2025,Southeast,SO04,INC_Q1_BONUS,Winter Shopper Incentive,Referral,Desktop,Returning,7383.79,4988.2,12371.99,1012,958,54,486,560,74,91060.2,78688.21,95.05,62,3798.42,0.31,75855,8614,0.1136,0.1112,52.7,6,7.9
3/28/2025,West,WE04,CUST_RET_Q1,Customer Retargeting,Referral,Desktop,Returning,4665.5,10408.37,15073.87,150,137,13,112,251,139,6665.62,-8408.25,48.65,323,85627.67,0.35,71313,8925,0.1252,0.0154,62.42,3,7
3/28/2025,Southeast,SO02,NEW_USER_Q1,New User Acquisition,Referral,Desktop,Returning,5369.84,6782.44,12152.28,1104,1010,94,365,439,74,65175.83,53023.55,64.53,240,33554,0.56,46893,4750,0.1013,0.2126,58.09,27,6.8
3/28/2025,Southeast,SO02,CUST_RET_Q1,Customer Retargeting,Social,Desktop,New,527.75,1556.72,2084.47,361,309,52,185,258,73,20691.93,18607.46,66.96,450,59776.54,0.49,96655,7322,0.0758,0.0422,70.27,16,7.5
3/28/2025,Northeast,NO01,INC_Q1_BONUS,Winter Shopper Incentive,Email,Desktop,New,4680.55,11215.97,15896.52,1501,1411,90,389,515,126,144274,128377.48,102.25,478,111723.64,0.52,52493,5538,0.1055,0.2548,115.49,51,8.2
3/28/2025,Southeast,SO03,CUST_RET_Q1,Customer Retargeting,Paid Search,Desktop,Lapsed,8075.25,8111.28,16186.53,1490,1485,5,100,92,-8,104238.89,88052.36,70.19,225,37511.89,0.42,97952,11920,0.1217,0.1246,107.79,67,8.8
3/28/2025,Midwest,MI03,CUST_RET_Q1,Customer Retargeting,Referral,Desktop,Lapsed,6420.14,2042,8462.14,461,447,14,373,450,77,50115.97,41653.83,112.12,234,44267.49,0.64,32958,1519,0.0461,0.2943,66.61,12,7.5
3/28/2025,Southeast,SO04,INC_Q1_BONUS,Winter Shopper Incentive,Referral,Mobile,New,7011.68,11906.08,18917.76,1301,1134,167,391,511,120,114796.79,95879.03,101.23,68,17134.95,0.31,16732,1735,0.1037,0.6536,72.93,6,8.2
3/28/2025,Northeast,NO01,NEW_USER_Q1,New User Acquisition,Social,Mobile,Returning,3722.43,5517.57,9240,1293,1208,85,497,624,127,65338.67,56098.67,54.09,261,25580.2,0.58,77025,11058,0.1436,0.1092,99.76,8,8.2
3/28/2025,Southeast,SO04,NEW_USER_Q1,New User Acquisition,Email,Mobile,Lapsed,9223.45,9442.05,18665.5,277,268,9,393,359,-34,23260.38,4594.88,86.79,459,38115.56,0.43,94332,6441,0.0683,0.0416,104.97,12,7.8
3/28/2025,Northeast,NO03,INC_Q1_BONUS,Winter Shopper Incentive,Paid Search,Mobile,New,2685,1080.09,3765.09,1777,1725,52,330,394,64,47735.47,43970.38,27.67,347,22574.12,0.25,33683,1633,0.0485,1.0563,94.51,29,8
3/28/2025,Midwest,MI05,INC_Q1_BONUS,Winter Shopper Incentive,Social,Mobile,New,3277.17,5624.35,8901.52,1270,1183,87,498,488,-10,74625.7,65724.18,63.08,191,22542.02,0.25,71886,9304,0.1294,0.1271,49.78,35,7.4
3/28/2025,Midwest,MI03,LOYALTY_Q1,Loyalty Rewards,Paid Search,Mobile,New,7687.74,1726.76,9414.5,322,285,37,106,121,15,9270.13,-144.37,32.53,24,6312.84,0.78,41309,5668,0.1372,0.0503,102.77,2,8.6
3/29/2025,Southeast,SO02,NEW_USER_Q1,New User Acquisition,Referral,Desktop,Returning,8387.09,6560.57,14947.66,264,229,35,447,451,4,25106.09,10158.43,109.63,16,3332.96,0.64,61500,843,0.0137,0.2716,46.33,3,7.9
3/29/2025,Midwest,MI04,LOYALTY_Q1,Loyalty Rewards,Referral,Desktop,Returning,723.56,7014.72,7738.28,1211,1178,33,424,458,34,115387.07,107648.79,97.95,419,75797.16,0.35,12984,1747,0.1346,0.6743,119.28,0,8
3/29/2025,West,WE04,LOYALTY_Q1,Loyalty Rewards,Paid Search,Desktop,Returning,1125.21,13478.45,14603.66,292,262,30,486,546,60,13579.57,-1024.09,51.83,203,44279.74,0.61,55383,1586,0.0286,0.1652,86.92,2,8
3/29/2025,Midwest,MI05,LOYALTY_Q1,Loyalty Rewards,Referral,Mobile,Lapsed,999.46,2461.82,3461.28,592,557,35,169,215,46,33241.17,29779.89,59.68,383,73561.72,0.36,38122,1772,0.0465,0.3143,76.65,29,8.7
3/29/2025,Northeast,NO04,INC_Q1_BONUS,Winter Shopper Incentive,Email,Desktop,New,1467.97,1222.88,2690.85,789,744,45,64,49,-15,22070.06,19379.21,29.66,334,36379.49,0.63,90367,11053,0.1223,0.0673,64.66,3,7.8
3/29/2025,Northeast,NO05,NEW_USER_Q1,New User Acquisition,Email,Mobile,Lapsed,1324.11,9476.22,10800.33,904,773,131,439,566,127,71772.58,60972.25,92.85,97,19161.64,0.45,45999,5131,0.1115,0.1507,40.19,5,7.5
3/29/2025,Southeast,SO04,NEW_USER_Q1,New User Acquisition,Paid Search,Mobile,New,5336.58,3064.35,8400.93,1991,1723,268,374,380,6,51890.52,43489.59,30.12,336,93429.38,0.77,18290,1567,0.0857,1.0996,117.12,91,8.9
3/29/2025,West,WE04,LOYALTY_Q1,Loyalty Rewards,Email,Desktop,New,6892.12,12802.52,19694.64,839,740,99,177,326,149,49817.78,30123.14,67.32,40,4720.03,0.63,88273,7035,0.0797,0.1052,105.76,19,7.8
3/29/2025,Midwest,MI03,NEW_USER_Q1,New User Acquisition,Referral,Desktop,Lapsed,5510.32,3245.38,8755.7,583,556,27,119,191,72,27810.69,19054.99,50.02,311,30627.89,0.3,74398,6113,0.0822,0.091,81.27,20,8.3
3/29/2025,West,WE01,LOYALTY_Q1,Loyalty Rewards,Referral,Mobile,New,5490.91,2605.65,8096.56,1079,1016,63,103,222,119,89709.18,81612.62,88.3,498,122643.98,0.38,30778,3662,0.119,0.2774,52.38,52,8
3/30/2025,West,WE01,LOYALTY_Q1,Loyalty Rewards,Paid Search,Mobile,Returning,2027.68,8682.27,10709.95,921,844,77,494,612,118,31728.09,21018.14,37.59,77,8417.04,0.4,4987,305,0.0612,2.7672,96.98,2,8
3/30/2025,Northeast,NO02,NEW_USER_Q1,New User Acquisition,Social,Mobile,New,8690.93,5394.26,14085.19,930,808,122,62,92,30,77984.95,63899.76,96.52,49,7000.47,0.32,55353,4202,0.0759,0.1923,89.04,11,7.4
3/30/2025,West,WE05,CUST_RET_Q1,Customer Retargeting,Paid Search,Mobile,New,4074.96,6084.65,10159.61,794,770,24,367,415,48,91375.65,81216.04,118.67,330,83822.76,0.68,11599,506,0.0436,1.5217,89.34,5,8.9
3/30/2025,Midwest,MI02,CUST_RET_Q1,Customer Retargeting,Email,Mobile,Lapsed,1878.55,7889.09,9767.64,112,97,15,389,435,46,4161.18,-5606.46,42.9,273,19050.57,0.59,81171,10265,0.1265,0.0094,45.72,4,6
3/30/2025,Midwest,MI03,LOYALTY_Q1,Loyalty Rewards,Referral,Desktop,Returning,8241.24,13982.66,22223.9,1318,1164,154,296,350,54,42394.85,20170.95,36.42,333,70506.78,0.53,87298,9272,0.1062,0.1255,58.84,35,8.8
3/30/2025,Southeast,SO02,LOYALTY_Q1,Loyalty Rewards,Paid Search,Desktop,Returning,660.49,7715.8,8376.29,1511,1501,10,436,500,64,123928.81,115552.52,82.56,114,22231.24,0.47,37640,5345,0.142,0.2808,110.08,61,7.6
3/30/2025,West,WE04,NEW_USER_Q1,New User Acquisition,Social,Mobile,New,4081.85,13728.48,17810.33,1052,1024,28,193,325,132,57978.56,40168.23,56.62,202,47511.29,0.7,93851,8340,0.0889,0.1228,36.86,43,6.2
3/31/2025,Southeast,SO01,INC_Q1_BONUS,Winter Shopper Incentive,Social,Mobile,Returning,3635.95,5502.16,9138.11,893,866,27,170,175,5,92971.91,83833.8,107.36,328,47337.45,0.2,65291,8022,0.1229,0.108,97.34,14,7.6
3/31/2025,Southeast,SO01,LOYALTY_Q1,Loyalty Rewards,Social,Desktop,Lapsed,2401.43,3344.76,5746.19,1428,1417,11,366,510,144,155334.56,149588.37,109.62,18,5112.96,0.23,27015,1400,0.0518,1.0121,114.17,71,8.1
3/31/2025,Southeast,SO05,CUST_RET_Q1,Customer Retargeting,Referral,Desktop,Returning,6247.06,5453.56,11700.62,1284,1169,115,225,187,-38,114840.86,103140.24,98.24,86,10506.74,0.27,30165,4210,0.1396,0.2777,69.44,12,8.4
3/31/2025,Midwest,MI01,CUST_RET_Q1,Customer Retargeting,Email,Desktop,Lapsed,5831.93,4447.42,10279.35,831,828,3,152,287,135,52266.16,41986.81,63.12,171,10702.44,0.23,55710,2259,0.0405,0.3665,119.05,0,6.8
3/31/2025,Northeast,NO03,LOYALTY_Q1,Loyalty Rewards,Referral,Desktop,Returning,3705.82,13189.64,16895.46,1025,914,111,319,339,20,22968.26,6072.8,25.13,133,31889.64,0.64,70518,4600,0.0652,0.1987,77.69,18,6.6
3/31/2025,Midwest,MI03,NEW_USER_Q1,New User Acquisition,Referral,Desktop,New,1323.71,8537.08,9860.79,1049,991,58,333,338,5,31785.99,21925.2,32.07,491,139369.67,0.65,85585,6704,0.0783,0.1478,103.18,10,8.8
3/31/2025,Northeast,NO04,CUST_RET_Q1,Customer Retargeting,Social,Desktop,Lapsed,7757.65,1071.1,8828.75,846,829,17,314,294,-20,72044.54,63215.79,86.91,278,67710.45,0.59,61180,7247,0.1185,0.1144,53.83,31,7.9
3/31/2025,Northeast,NO05,INC_Q1_BONUS,Winter Shopper Incentive,Paid Search,Mobile,New,2934.78,3665.79,6600.57,729,664,65,263,268,5,62739.06,56138.49,94.49,302,29557.47,0.43,91751,5477,0.0597,0.1212,58.86,35,6.4
3/31/2025,Midwest,MI04,CUST_RET_Q1,Customer Retargeting,Social,Mobile,Returning,3871.03,9577.58,13448.61,580,516,64,190,269,79,23707.58,10258.97,45.94,136,19861.47,0.7,55165,4414,0.08,0.1169,105.64,20,8.4
3/31/2025,Midwest,MI02,INC_Q1_BONUS,Winter Shopper Incentive,Paid Search,Mobile,Lapsed,7446.6,13207.79,20654.39,517,489,28,447,412,-35,12189.48,-8464.91,24.93,338,58279.99,0.66,16487,897,0.0544,0.5452,55.37,20,7.4
3/31/2025,West,WE05,NEW_USER_Q1,New User Acquisition,Referral,Mobile,New,5692.94,8748.86,14441.8,197,176,21,353,501,148,13879.12,-562.68,78.86,259,26789.45,0.32,35674,5154,0.1445,0.0341,74.96,1,7.1
3/31/2025,Midwest,MI03,LOYALTY_Q1,Loyalty Rewards,Social,Desktop,Lapsed,5128.87,5976.11,11104.98,246,236,10,56,162,106,14506.88,3401.9,61.47,78,4864.23,0.71,48289,6134,0.127,0.0385,103.31,12,7
3/31/2025,Midwest,MI01,NEW_USER_Q1,New User Acquisition,Social,Mobile,Returning,1215.09,2027.05,3242.14,1461,1263,198,233,249,16,73154.46,69912.32,57.92,377,50468.67,0.25,11960,1543,0.129,0.8185,62,53,6.2
3/31/2025,Southeast,SO05,INC_Q1_BONUS,Winter Shopper Incentive,Referral,Mobile,Returning,5509.34,13612.15,19121.49,1162,1118,44,170,243,73,51400.15,32278.66,45.98,459,75288.09,0.32,14440,1810,0.1253,0.6177,109.09,47,6.8
3/31/2025,West,WE03,NEW_USER_Q1,New User Acquisition,Email,Mobile,New,7510.15,2797.05,10307.2,1315,1188,127,288,341,53,42323.85,32016.65,35.63,392,45138.59,0.52,27832,2335,0.0839,0.5088,67.01,35,6.6
3/31/2025,Southeast,SO01,INC_Q1_BONUS,Winter Shopper Incentive,Email,Mobile,Lapsed,2878.54,8597.82,11476.36,498,474,24,496,459,-37,29867.61,18391.25,63.01,315,44039.45,0.38,43032,1409,0.0327,0.3364,84.06,6,7.2
3/31/2025,Southeast,SO03,NEW_USER_Q1,New User Acquisition,Social,Mobile,New,9160.01,6312.24,15472.25,731,659,72,70,29,-41,47237.16,31764.91,71.68,321,70459.1,0.73,14423,1387,0.0962,0.4751,87.04,3,6.5
3/31/2025,Midwest,MI03,LOYALTY_Q1,Loyalty Rewards,Social,Desktop,Returning,980.47,7906.2,8886.67,1164,1103,61,409,444,35,72722.83,63836.16,65.93,310,39621.51,0.51,88440,3155,0.0357,0.3496,110.42,12,8.6
